1944 2592
328 177 1740 367 Lieber grav Von Potting. Gesterdt abendts Ist Ein
331 308 1705 454 Curir Von Castel rodrigo alhir ankhommen, durch welchen Ich
330 404 1694 558 Euer schreiben Von 20 passato Empfangen Vnd deraus das
312 498 1509 665 Ieniger Verstanden, So Ihr Majestät die Konigin
1476 486 1606 583 Euch
1509 534 1719 648 befolhen,
301 596 1742 769 mir Zu hinderbringen. Nu Ist Gott zu dankhen, das
305 703 1785 868 diß werkh dermal Eins Zue Ein So gwünschten Ende gelangt
298 810 1783 969 Ist. Vnd wirdt hoffendtlich dem AH hiedurch Sein Compass
306 929 1721 1069 Zimblich verukht Sein. möchte wol auch das Sprichwordt
305 1021 1772 1187 verificirdt werden, daß Ein schwerdt daß andere In der schaiden
305 1147 1785 1303 haldte. 0 41 12 13 06 44 12 24 41 24 14 34 41 12 06 42 14 43 85
305 1274 1737 1418 41 13 42 13 14 43 12 34 896 Erwardte Ich wol mitt Verlangen,
271 1359 1773 1523 habe dahero et quidem maxime ex hoc desiderio den
294 1469 1752 1628 Curir noch heutt expediren wollen a Castel rodrigo, Ut citius
321 1568 1671 1741 desidertam communicationem habere possimus.
299 1682 1780 1839 habe also hac ocasione der Konigin diß Einligende briefl
318 1778 1659 1975 schreiben, Euch dabey aber gnädigst befelhen wollen, daß Ihr
306 1885 1757 2044 bey dessen Einraichung meo nomine der Konigin Vmb
318 1999 1734 2143 dise comunication dankh Sagen Sollet 42 14 43 32 24 11 0
318 2143 1777 2262 41 44 23 11 43 41 14 85 12 41 13 11 33 069 14 21 41 11 33 08 22 11 12 23 13
307 2213 1636 2334 42 12 33 09 43 12 32 14 42 13 13 057 12 44 12 43 41 44 33 8877,
304 2257 1603 2380 Contestando, daß Ich meins ordt an meinen Ordt gwis werde
310 2358 1737 2485 Ihemalls Ichwas Ermanglen lassen, quod communi causae
