1944 2592
342 76 1776 213 factum est. Iez wirdt AH handlen Konen, wie Er wirdt wollen.
331 157 1775 297 AK wirdt am maisten dabey laiden ob certas causas facile
288 259 1764 411 Iudicandas. will mich also nicht aufhaldten (Sondern beziehe Mich
328 340 1767 491 auch den D. Martia (welcher In diser Zeitt mir gwis alle
318 418 1694 587 satisfaction geben hatt) vnd Seine mittbringende
320 515 1721 656 despachos. Vnd Verbleibe Euch mitt beharlichen Kay.
311 596 1293 750 hulden Vnd genaden bestendigst wol gwogen
304 691 665 885 Leopoldt
1346 615 1796 735 Wienn, den 7. feb.
1656 711 1828 798 1666
384 890 1706 1066 Gestern Sein 2 heürathen Richtig gemagt
428 1007 1743 1149 worden, Erstlich des Sigerl Von diestrichstein Mitt
392 1089 1763 1226 der Verwitbten Colaldin. dise nehmen Einander Ex
317 1174 1844 1324 puro amore. vill glükh dazue, wann Er nur dauerdt.
228 1239 1735 1420 2do hatt der sandtlihlir daß begehren gethan mitt der freile
294 1324 1405 1518 trawditschin, der g. Schlikherin schweser
