1944 2592
334 90 1774 248 Lieber grav Von Pötting habe dismals habe Ich 3 schreiben
315 210 1771 323 Von Euch Zu beandtwordten, Von 15., 20. Vnd 28. Jenner. weillen
345 293 1835 456 Ich aber 3 tage her Ein Starkhe flus In wang gehabt habe
354 392 1804 545 (wovon Ich zwar Gott lob schir vollig befrütt bin), So drawe
322 476 1840 636 Ich mich annoch nit gar vill zu schreiben, were also nur Etwas
324 571 1811 737 notwendiges beruhren, Et quidem In claris, dann Ich mich
327 663 1787 843 annoch nicht Starkh occupiren darff. Was also Zuvorderist
301 792 1840 920 die tractatus anglo: Hispano: lusitanicos anlangt, Vidi articulo
293 871 1830 1024 Von BL dem Af. ZuegesiKt. weillen Ich aber Sehe, das Selbst fast
297 962 1849 1126 In lautern comercys bestehen, So Kan Ich mich nit gnug wundern
303 1022 1831 1181 das mann a parte aC nit acht gehabt, Vt etiama alliqudi
320 1110 1814 1269 circa communem defensionem et guarantiam agiustirdt, Vnd
329 1211 1790 1398 Kundte Es noch Sein, wer Er Kostlich guette, dann Ich furchte, die
322 1289 1839 1479 ruptur Franschreich mitt Engeland werde Ehistens wider Verglichen
302 1371 1828 1524 Sein. woldt also Eur ordts dise sachen Inaminir vnd penetrir,
337 1454 1803 1614 ob aliquid reconditi sit tractatum, vnd mir alles et
327 1526 1807 1689 quidem baldt berichten. plura de hac materia aus der Canzley.
305 1597 1826 1761 2do deucht mir, die Jornada gehe auf die Lange bankh, Wör
280 1686 1779 1889 far Es Ist schir grobe. Mir Ist nur Laid, daß die Konigin So
302 1765 1773 1976 betrogen wirdt, dann Von Ihro Ist wol Kein Zweifel, Ich
278 1875 1773 2046 thue Ihr bey diser post wider gar Euffrig Zu schreiben, wollet Es auch
320 1942 1737 2110 secundiren Vnd Vrgiren Que se cumpla la palabra Real.
301 2029 1837 2171 Vor allen muste Ihr bey allen ministris (wo Es vonethen) Instanissime
307 2098 1804 2265 et, si Ita expediat, Cum aliquo seosu das werkh Vnderbawen,
301 2163 1802 2325 dann lenger Kan Ich mich Ia nit fopfen lassen werde baldt 27
309 2239 1757 2393 Ihar Sein, wirdt schwer Sein, das Ich Ein recht Erwaxnen Sohn,
273 2321 1807 2479 Erleben werde. ma patienitia, faciemus quae possumus, Caetera
357 2369 1771 2532 bono sunt comittenda Deo. Was die promotion der
