1944 2592
359 187 1797 319 gehaimben Raht anlangt, Erfreue Ich mich, das die spanier nimermehr
343 275 1771 386 werden Sagen Konnen, das Ich So Vill Gehaimb mache, dan Ich nie
336 350 1813 462 7 auf Einmal gemagt habe. beydie subiecta sunt Varia, daher nicht
342 416 1794 524 Vill davon Zu melden. wann Sie mir was guettes Erathen, So Ist
312 510 1812 637 schon alles guett. an AH 33 11 42 31 13 43 11 42 13 14 43 12 42 86
317 587 1766 704 Ist nicht zu Zweifln, sed quomodo hoc faciendum, Hic opus, Hic
311 668 1790 802 labor. Sonsten habe Ich aus Euren relation Sonderlich gern Ersehen, das
311 753 1751 858 Ihr alles So ausfürlich berichtet hatt. habe Ein absonderliche consolacion
301 817 1796 940 davon gehabt. Vnd wirdt auch Villeicht Sehr guett Sein, das, wann Ihr mir
267 883 1762 1035 schreibt, diß oder das Ienige Von Einen ministro gehabt Zu haben, Ihr
278 967 1556 1111 alzeitt nominatim exprimirdt, a quo In specie Es herKome
256 1051 1807 1180 Von hir aus Ist wenig zu brichten. gestern Ist der grav Sigmunds
236 1133 1801 1267 hochzaidt faelicter Vollbracht worden. der ame teüffel aber, der Mahrische
259 1209 1810 1342 Von Waldstein, Ist Endtlich gestorben. Vnd hatt Ein zimblich sezlamb
278 1293 1533 1429 testament hinderlassen, doch Ist Er pyssime gestorben.
276 1369 1767 1512 Vnd weillen Ich mein Pachn nicht gern Erhizen woldte, also Ende Ich Vnd bezihe
254 1449 1793 1586 Mich In vbrigen auf die despachos aus der Kanzley. Vnd Verbleibe
265 1531 1204 1718 Euch mitt beharlichen hulden wol Gewogen
319 1654 641 1829 Leopoldt
1305 1520 1600 1621 Wienn, den
1376 1570 1780 1708 8. Meгz 1666
