1944 2592
429 187 1760 353 Lieber grav Pötting. Ich hette Vor dißmal 2 Euer schreiben
453 312 1725 435 Von 11. Vnd 25. passato Zu beandtwordten Vnd Vill dabey Zu
444 393 1700 508 beruehren, allein die copia Negotiorum hatt mich heütt also
432 485 1755 609 vberheüfft, das es schon gar Spat Ist, werde also Ein Vnd das andere
417 563 1772 719 berüren. hebe also ab Itinere Sermae, quod est negotium hoc tempore
400 663 1762 791 Me maxime tangens et angens. habe Zwar gar gern Verstanden,
396 743 1749 874 das regina den 15. Merz denomirdt hette, Utinam esset, So wer
394 811 1760 963 Ich Sie heütt schon vber 14 Tag auff der Reis. wann Sie aber
396 901 1772 1038 nur abraist Zue ankhunfft dises brieffs, bin Ich Zu tausendtmal wol
403 979 1772 1117 Zufriden. mich Wunderdt aber, das mann wegen deß desposorii
391 1066 1807 1203 Spanischer Seits So maus Still Ist. Forte Non desponsatam dimittent?
405 1164 1779 1290 habe also In hoc puncto nichts ander Zu Melden, Sondern Erwardte nur
364 1247 1749 1413 Vill Curir, die mir guette Zeitungen In Hac materia bringen.
388 1356 1731 1501 Was anbetrifft 41 13 12 0 41 24 12 42 44 11 33 13 41 CY, Erwardte Ich
392 1454 1757 1594 Mitt Verlangen quod tandem fiet, Vnde expecto avide relationem
419 1568 841 1655 23 12 32 11 41 13 AQ 12
831 1568 902 1610 42
844 1588 1160 1668 34 CY 24 11 41
1144 1578 1209 1616 12
1157 1556 1801 1674 44 43 41 13 34 08. Carlingfordt
418 1643 1746 1762 Will wider abrais, Ich woldte Ih noch gern aufhaldten, maxime quia
415 1712 1755 1830 fama multa bona facit, aber Es hatt Keine Rechte Volmacht et
422 1772 1774 1917 sic omnia sine fundamento essent. Ex cancellaria In hac materia
394 1873 1766 1995 plura. das medina Froh Sey, das Ich Ihm das procuratorium
410 1957 1753 2088 desponsatione aufgedragen, credo lubens, was Sagen aber die
420 2024 1748 2158 andern dazue? Ich Förchte nur allein, Er allein Sey Zu schwach,
389 2094 1708 2216 Vnsere partey Zu sustiniren, dahero mann gleichwol mitt andern
379 2167 1671 2314 Wol stehen mueß. das BZ So ardtliche demonstrationes
400 2249 1603 2372 mache, miror, hoffe aber, Er werde schon Sich comportiren,
382 2334 1754 2471 Wie Ich Ihn Stettig anmahnen thue. aber Ich maine, Seine
