1944 2592
360 151 1700 304 Lieber Graf Von Pötting, aus Eur relation Von 26. Merz habe Ich
352 261 1779 417 gar gern Verstanden, das der d. martin angelangt, Vnd Ist Er Vmb 3 tag
349 339 1780 508 Ehender alda angelangt, als Ich Ihme die Raittung gemacht habe, Ihn
350 434 1768 606 deme Ich gmainte, Er Solle Erst den 24. alda anlangen, basta, auf
330 544 1758 682 das wenigste habe Ich nicht vill gefaldt. Was Ihr mir schreibt, das aber
323 638 1802 769 mal pro termino finali discessus meae Semae sposae der 10te dis angesezt,
301 706 1772 838 hatt mich zwar Sehr Erfreutt, nachdeme aber heütt schon der 18 tag Ist
310 774 1766 929 Vnd der Curir noch nit angelangt, So besorge Ich, Es habe wider Ein
282 847 1766 982 Nisi damit, wil doch Ein bessers hoffen. aber bis Sie nit zue final
280 936 1793 1071 Ist, habe Ich Kain Ruhe. Vnd Ist wol gar wol beschehen, das el desem
295 1027 1760 1180 barco zu Final Vnd nit zue Genova geschiht, dann durch des vill
297 1111 1756 1252 Embarazos Vermitten bleiben. das Ich Solle den governador zu Mey
291 1184 1754 1325 landt Instruiren, wie Es alda mit den princibibus Italiae gehaldten
289 1251 1756 1401 werde, Ist Ein zimblich harte nus, Ich lasse aber die priora auf Suchen,
287 1341 1778 1466 obwolen Seit Maximiliani 2di Zeitten Kein Exempel Vorhanden.
297 1409 1788 1547 Vor allen aber wollet Ihr schaun zu befördern, das mitt portugall
289 1489 1781 1620 Ein Ende gemacht, Hinc enim omnia pendent, will zwar hoffen, die spanier
291 1585 1726 1736 werden Sehen, was Ihnen hiran gelegen, wie Ihr alles mitt Mehr aus
284 1657 1774 1815 Sem Canzley despacho zu Ersehen hatt, wohin Ich mich beziehe, weillen Ich
302 1741 1739 1894 Einmal nit Mehr Zeitt habe, Euch zu schreiben. Sonsten Sein wir
274 1819 1787 1991 alle Gott lob wol auf vnd Bin Ich Vorhabens (wils Gott) Konf
289 1898 1757 2060 tigen Montag mich auf Laxenburg zue begeben, der gewenlichen Raiger
300 1984 1735 2136 Paiz abzuewardten. Vnd Ich Verbleibe Euch mit beharligen hulden alzeit
300 2074 688 2205 wol gewogen
373 2141 719 2273 Leopoldt
1012 2098 1706 2191 Wienn, den 28. April 1666
