1944 2592
335 184 1729 356 Lieber Von Potting. Obwolen Ich Erst gesterdt durch den Curier
342 327 1740 470 Tyrol (So hoffendtlich besser Reitten wirdt als alle Vorige) geschriben
336 402 1775 542 habe, So woldte Ich doch nit, das dise ordinari ohn mein schreiben
312 499 1727 643 darinne ankhome. habe also dise Zeillen schreiben wollen. Gesterdt
311 615 1697 742 Ist Von Einer privat person Von Maylandt di lista Von
297 718 1701 874 meiner gespons hoffstat alhero communicirdt worden. Sowol der
266 811 1801 972 Ienigen, So wider Zurukh Sollen, als die gar hier Verbleiben Sollen.
321 904 1780 1063 dise Utriusque sexus Komen Kaumb auf 40 personen, bin also
290 1024 1822 1166 gar wol Zu friden, si non veniunt plura. wann aber war Ist, was
312 1112 1742 1256 mann Von der Condessa de benevente Sagt, So bringt
312 1211 1744 1360 Sie allein mehr laitt mitt als Ihr Fraw mit allen. disem
314 1319 1785 1476 allemnach aber Kan Es nit schaden, das Ihr auch Ein lista schikt
308 1453 1695 1599 wie Ich Es gesterdt befolhen. der general leutenandt Ist schon weg
312 1553 1735 1729 ferdtig auf final, wirdt morgen abendts oder vbermorgen frue
307 1656 1720 1858 Von hier abraisen. will gern hören, wie mann In spanien die
306 1770 1770 1948 absendung dieß cavalliers aufgenomen habe? Ich Vermaine wol,
292 1878 1727 2050 Ich habe Es nit gar vbel getroffen. hiemitt Verbleibe Ich Euch
292 2015 1363 2167 mitt behar. Kay. hulden Vnd genaden wolgwogen
228 2101 587 2272 Leopoldt
1416 2076 1786 2162 den 26. May 1666
1400 1966 1714 2116 Laxenbuerg
