1944 2592
438 125 1541 301 Ein lista schikhen mitt was vor Ein Eigentlich
1541 106 1708 207 spanischen
1512 177 1813 270 hoffstat main
405 244 1824 402 gemahel alher Kombe Vnd was wider zurukhege, ut posim eam
391 335 1825 448 combinare cum priori missa Iam ante aliquot menses. Main
384 418 1826 553 gespons andtwordte Ich nit hac ocasione, weil Ich Sie Schon auf
365 490 1787 587 dem Meer supponire. weilen aber gebraichlich Ist, al desembarco
374 554 1820 680 Selbige Zu Empfangen, also habe Ich mich Endtschlossen, main
369 621 1818 765 General leüttenadt graven Montecucoli aldahin Zu schikhen, Selbige
334 696 1848 848 Zu beneventiren Vnd die Entrega Vnd andere Sachen Zu adiustiren.
336 769 1843 904 Zu bemeldter Entrega habe Ich resolvirdt den Cardinal von harrach
328 835 1839 963 Vnd Den Fürsten Von dietrichstein als nunmher publicirdten Vnd
303 911 1838 1046 DeClararirdten Obb. hoffmaister mainer gespons. Zu Bezeügunz
292 995 1819 1113 Vnser alhie Empfundnen Freid habe Ich am Sontag das te teum
303 1073 1834 1218 Singen Vnd alle Stukh loßbrenen lasßen. Nachmittag habe
300 1156 1851 1284 Ich Ein Kopfrennen In der favorita gehaldten, wie Selbige abgeloffen,
317 1228 1841 1347 weiset die beylag aus. Hoc occasione haben wir die Klag abgelegt,
303 1307 1833 1434 in deme Es schon 8 Monath Ist Vnd Ein So fröliche post ankomen.
318 1384 1829 1502 hoffe, gott will, man werde Es nit vbel ausdeutten, tamen Non deerunt
344 1458 1839 1583 Zoili. Ihr werdet Es aber schon expliciren Können. Ich Kann Einmal
336 1542 1847 1680 nit lenger schreiben, dann ich gar Vill geschriben, das wir der Kof wehe Thuet.
361 1628 1765 1761 Morgen bey der post werde Ich nur Etliche Zeil schreiben, Damit die
362 1704 1831 1830 post nit lahr ablauffe. Sagt der Konigin aufs beste Dankh vor
357 1805 1848 1986 dise genade 21 24 14 33 14 44 12 41 12 06 21 11 42 12 33 42 44 33 Cy
410 1904 1795 2036 schikt den Curier baldt Zurukh. Vnd Ich Verbleibe Euch mitt
389 1981 1101 2172 beharlichen hulden wol gwogen
496 2077 876 2294 Leopoldt
1221 2009 1831 2165 Laxenburg, den 28. May
1633 2099 1797 2205 1666
