1944 2592
394 115 1772 307 Lieber grav Von Potting. Ich habe Eur schreiben Von 6. May
384 223 1740 370 Zu recht Empfangen, daraus noch Ein Vnd das andere Verstanden.
400 317 1698 453 Vnd was 1o die Rais anlangt, bin Ich wol fro, das alles So
373 396 1796 558 wol Von statten gehet, allein bin Ich nit Content, bis Sie
409 508 1756 646 al final Seyn wirdt, der Montecucoli Reit als wie Ein
386 607 1819 764 Cavallir Von 20 Iharen, Ist In 3 tagen Zu Insprukh gwest.
373 706 1809 876 was bf Vnd Sein 42 11 24 41 13 42 11 23 11 41 anlangt, Ist Ein
377 825 1807 973 guetter aviso, man alhie gesagt, BP suchen Es Selbsten.
350 914 1806 1067 Von hieraus Ist gar wenig Zu schreiben. Ich habe auch nitt Zeitt
380 1024 1712 1163 Vil Zu schreiben. bin gesterdt Den ganzen tag In der favorita
350 1134 1674 1253 gwest Vnd Iezo muß Ich Zu Rath, thun also Enden Vnd
359 1213 950 1349 Verbleibe Eur gnädigster Herr
423 1302 854 1488 Leopoldt
1059 1235 1585 1365 Wienn, den 10. Iunii
1511 1321 1722 1443 1666
