2592 1944
434 239 2189 448 Ein halswehe gehabt. Ist aber Got lob schon alles wieder guett.
394 405 2192 559 Von Embarca haben wir noch Kain ander nachricht, als
371 514 2180 678 das Sie main gespons den 15. hette Embarguir Sollen.
318 603 2158 784 weillen Sie diß aber noch Von 21. May geschriben haben aus
297 698 2101 866 Candia, So Kombt mi dis werkh woel Recht Spanisch Vor,
298 796 2196 949 Vnd wais schier nit, was Ich glauben Solle. Vnd weillen Ich Kaine
336 876 2072 1030 materi habe, also Ende Ich Vnd Verbleibe Euch mitt
304 950 1204 1157 beharlichen hulden wol gwogen
288 1064 720 1259 Leopoldt
1334 964 2163 1134 Wienn, den 23. Iunii
2024 1076 2198 1227 1666
