<?xml version="1.0" encoding="UTF-8" standalone="yes"?>
<PcGts xmlns="http://schema.primaresearch.org/PAGE/gts/pagecontent/2013-07-15" xmlns:xsi="http://www.w3.org/2001/XMLSchema-instance" xsi:schemaLocation="http://schema.primaresearch.org/PAGE/gts/pagecontent/2013-07-15 http://schema.primaresearch.org/PAGE/gts/pagecontent/2013-07-15/pagecontent.xsd">
    <Metadata>
        <Creator>prov=READ-COOP:name=PyLaia@TranskribusPlatform:version=2.35.0:model_id=431093:lm=none:date=23_11_2025_11:02</Creator>
        <Created>2025-11-20T23:03:40.813+01:00</Created>
        <LastChange>2025-12-06T17:38:52.185+01:00</LastChange>
        <TranskribusMetadata docId="12342425" pageId="106563759" pageNr="18" tsid="264087362" status="GT" userId="14631" imgUrl="https://files.transkribus.eu/Get?fileType=view&amp;id=FHSGMTFMGKEYTCSVMALCBJTH" xmlUrl="https://files.transkribus.eu/Get?id=IVRLKQMDTXHXDJSDASKSWYAO" imageId="89483639"/>
    </Metadata>
    <Page imageFilename="0018_HHStA, GK, K. 33.1, Buch 1666-1667, fol. 18r.JPG" imageWidth="1944" imageHeight="2592">
        <ReadingOrder>
            <OrderedGroup id="ro_1765532939204" caption="Regions reading order">
                <RegionRefIndexed index="0" regionRef="tr_1"/>
            </OrderedGroup>
        </ReadingOrder>
        <TextRegion orientation="0.0" id="tr_1" custom="readingOrder {index:0;}">
            <Coords points="244,159 205,2559 1883,2554 1845,152"/>
            <TextLine id="tr_1_tl_4" custom="readingOrder {index:0;}">
                <Coords points="355,340 1269,295 1336,332 1398,297 1605,328 1748,309 1748,267 1487,185 1362,209 1238,170 1083,245 809,191 386,183"/>
                <Baseline points="398,290 465,286 533,285 601,286 668,286 736,286 804,288 871,285 939,282 1007,281 1075,286 1142,287 1210,288 1278,289 1345,292 1413,294 1481,296 1548,297 1616,301 1684,302 1752,310"/>
                <TextEquiv>
                    <Unicode>Lieber Grav Von Pötting, Es Reist endtlich der Don</Unicode>
                </TextEquiv>
            </TextLine>
            <TextLine id="tr_1_tl_5" custom="readingOrder {index:1;}">
                <Coords points="398,407 1241,408 1452,436 1599,404 1754,442 1727,342 1257,305 396,330"/>
                <Baseline points="408,396 474,385 540,382 606,384 673,384 739,382 805,382 872,384 938,385 1004,382 1071,382 1137,380 1203,381 1269,384 1336,388 1402,392 1468,395 1535,398 1601,400 1667,402 1734,406"/>
                <TextEquiv>
                    <Unicode>Martin, Eur secretari, von hier ab vnd zu Euch, habe Ihn</Unicode>
                </TextEquiv>
            </TextLine>
            <TextLine id="tr_1_tl_6" custom="readingOrder {index:2;}">
                <Coords points="384,489 466,506 902,523 993,477 1404,489 1508,539 1562,504 1734,521 1775,444 1503,431 1382,428 1267,386 544,405 382,438"/>
                <Baseline points="394,488 461,486 528,482 595,481 662,478 730,475 797,474 864,473 931,476 998,478 1066,478 1133,481 1200,484 1267,486 1334,488 1402,490 1469,492 1536,496 1603,501 1670,506 1738,514"/>
                <TextEquiv>
                    <Unicode>auf die mittgebrachte queastione vnd caso also geantwordt,</Unicode>
                </TextEquiv>
            </TextLine>
            <TextLine id="tr_1_tl_7" custom="readingOrder {index:3;}">
                <Coords points="369,583 608,622 776,581 995,624 1524,585 1655,647 1699,520 1404,539 1163,494 1114,533 1008,477 844,539 798,498 749,533 576,481 452,521 390,530"/>
                <Baseline points="380,576 444,578 508,581 572,581 636,583 700,582 764,582 828,580 892,578 956,578 1020,579 1084,581 1148,583 1212,584 1276,584 1340,584 1404,584 1468,585 1532,586 1596,590 1660,600"/>
                <TextEquiv>
                    <Unicode>wie Es Euch aus der Canzley geschriben, Er auch Selbst</Unicode>
                </TextEquiv>
            </TextLine>
            <TextLine id="tr_1_tl_8" custom="readingOrder {index:4;}">
                <Coords points="363,686 792,682 995,747 1085,695 1209,745 1427,697 1593,734 1756,713 1754,616 1628,651 1533,601 1029,614 919,577 581,649 460,581 359,585"/>
                <Baseline points="372,674 441,673 510,670 580,672 649,672 719,677 788,680 857,682 927,685 996,691 1066,692 1135,690 1204,690 1274,694 1343,695 1413,695 1482,696 1551,699 1621,702 1690,704 1760,710"/>
                <TextEquiv>
                    <Unicode>referiren wirdt. Vnd Kan Ich Vordrist Ihm don Martin</Unicode>
                </TextEquiv>
            </TextLine>
            <TextLine id="tr_1_tl_9" custom="readingOrder {index:5;}">
                <Coords points="357,844 549,842 724,808 1072,842 1145,814 1388,822 1458,854 1616,854 1777,807 1803,750 1273,715 1211,747 1095,697 985,728 893,716 699,689 539,711 355,693"/>
                <Baseline points="368,794 438,783 509,783 580,786 650,786 721,788 792,790 862,793 933,794 1004,792 1075,792 1145,792 1216,794 1287,796 1357,794 1428,796 1499,798 1569,800 1640,803 1711,806 1782,806"/>
                <TextEquiv>
                    <Unicode>Zeignus geben, das Er die Ihm anverdraudte Comission gar</Unicode>
                </TextEquiv>
            </TextLine>
            <TextLine id="tr_1_tl_10" custom="readingOrder {index:6;}">
                <Coords points="330,933 723,942 1425,906 1834,949 1839,843 1325,841 825,805 582,820 328,857"/>
                <Baseline points="340,892 413,891 487,892 560,895 634,898 707,898 781,895 854,892 928,892 1001,892 1075,892 1148,894 1222,894 1295,896 1369,900 1442,903 1516,906 1589,906 1663,910 1736,909 1810,912"/>
                <TextEquiv>
                    <Unicode>wol verichtett hatt, habe auch allen Satsamen contento von Ihme</Unicode>
                </TextEquiv>
            </TextLine>
            <TextLine id="tr_1_tl_11" custom="readingOrder {index:7;}">
                <Coords points="317,1047 433,1020 514,1066 827,1006 919,1049 1299,1012 1835,1049 1853,1012 1822,938 1728,947 1404,917 1353,920 1076,915 960,946 912,912 317,939"/>
                <Baseline points="328,1012 403,1005 479,1004 554,1006 630,1010 706,1013 781,1006 857,1002 932,1002 1008,1000 1084,1002 1159,1001 1235,998 1310,998 1386,1000 1462,1000 1537,998 1613,1000 1688,1007 1764,1017 1840,1028"/>
                <TextEquiv>
                    <Unicode>gehabt, daher Ich Ihne die genaden vnd deb titl maines secretaris</Unicode>
                </TextEquiv>
            </TextLine>
            <TextLine id="tr_1_tl_12" custom="readingOrder {index:8;} abbrev {offset:22; length:2;}">
                <Coords points="317,1118 550,1184 736,1118 894,1190 993,1188 1025,1138 1083,1174 1215,1132 1326,1146 1669,1147 1845,1123 1784,1027 1635,1040 1526,1058 1456,1012 1219,1056 823,1008 512,1068 433,1018 317,1047"/>
                <Baseline points="328,1102 401,1108 475,1112 549,1111 623,1112 697,1114 770,1114 844,1116 918,1117 992,1120 1066,1121 1139,1118 1213,1115 1287,1114 1361,1109 1435,1104 1508,1100 1582,1100 1656,1109 1730,1116 1804,1120"/>
                <TextEquiv>
                    <Unicode>neben iharlichen 1000 f. geschenkht habe. habe auch von Ihme</Unicode>
                </TextEquiv>
            </TextLine>
            <TextLine id="tr_1_tl_13" custom="readingOrder {index:9;}">
                <Coords points="297,1228 537,1215 622,1265 688,1265 749,1240 923,1288 1058,1236 1186,1286 1560,1213 1750,1269 1846,1248 1846,1149 1792,1124 1650,1147 1542,1126 1236,1124 1099,1186 1025,1139 958,1197 738,1118 579,1194 494,1139 297,1139"/>
                <Baseline points="308,1206 385,1212 462,1214 539,1214 616,1214 694,1218 771,1218 848,1216 925,1221 1002,1222 1080,1220 1157,1217 1234,1212 1311,1212 1388,1214 1466,1213 1543,1212 1620,1212 1697,1217 1774,1222 1852,1228"/>
                <TextEquiv>
                    <Unicode>Vernomen, was Ihr circa Eure particularia Ihme anbefolhen</Unicode>
                </TextEquiv>
            </TextLine>
            <TextLine id="tr_1_tl_14" custom="readingOrder {index:10;} corrected {offset:6; length:1;}">
                <Coords points="286,1396 971,1331 1029,1375 1427,1392 1819,1354 1845,1286 1580,1213 1226,1277 1064,1240 958,1292 755,1240 510,1251 409,1236 315,1306"/>
                <Baseline points="326,1340 400,1337 475,1338 550,1334 625,1334 700,1335 775,1334 850,1331 925,1328 1000,1328 1075,1328 1149,1327 1224,1326 1299,1329 1374,1332 1449,1330 1524,1332 1599,1334 1674,1338 1749,1340 1824,1344"/>
                <TextEquiv>
                    <Unicode>hatt. Weillen aber main aber main dinst derzeitt erfordert,</Unicode>
                </TextEquiv>
            </TextLine>
            <TextLine id="tr_1_tl_15" custom="readingOrder {index:11;}">
                <Coords points="307,1458 439,1480 581,1472 622,1501 713,1455 765,1470 1267,1465 1381,1491 1769,1452 1784,1388 1620,1402 1524,1354 1442,1370 937,1354 764,1358 516,1348 307,1385"/>
                <Baseline points="318,1440 390,1441 463,1446 536,1444 609,1445 682,1446 754,1444 827,1442 900,1440 973,1438 1046,1439 1118,1442 1191,1442 1264,1443 1337,1440 1410,1440 1482,1442 1555,1442 1628,1440 1701,1440 1774,1446"/>
                <TextEquiv>
                    <Unicode>das Ihr annoch darinnen bleibt, bis die ganze jornada</Unicode>
                </TextEquiv>
            </TextLine>
            <TextLine id="tr_1_tl_16" custom="readingOrder {index:12;}">
                <Coords points="311,1553 438,1539 458,1604 537,1586 676,1545 998,1582 1047,1543 1578,1584 1831,1553 1831,1489 1618,1447 1282,1495 979,1439 311,1481"/>
                <Baseline points="322,1534 397,1533 473,1540 549,1545 624,1544 700,1546 776,1546 851,1543 927,1540 1003,1541 1079,1538 1154,1541 1230,1540 1306,1538 1381,1540 1457,1540 1533,1541 1608,1540 1684,1544 1760,1544 1836,1550"/>
                <TextEquiv>
                    <Unicode>mainer gespons vollbracht Seye, So dann aber werde Ich also</Unicode>
                </TextEquiv>
            </TextLine>
            <TextLine id="tr_1_tl_17" custom="readingOrder {index:13;}">
                <Coords points="294,1630 451,1658 1240,1667 1306,1628 1775,1650 1837,1634 1837,1578 1750,1543 1574,1554 1302,1543 1049,1547 890,1589 678,1545 539,1582 453,1569 294,1560"/>
                <Baseline points="304,1618 380,1619 457,1622 534,1627 611,1628 688,1628 765,1628 842,1628 919,1626 996,1624 1073,1627 1149,1630 1226,1627 1303,1623 1380,1622 1457,1624 1534,1622 1611,1618 1688,1622 1765,1625 1842,1630"/>
                <TextEquiv>
                    <Unicode>würkhlich auf Eur accomodation bedacht Sein, damitt Ihr (So</Unicode>
                </TextEquiv>
            </TextLine>
            <TextLine id="tr_1_tl_18" custom="readingOrder {index:14;}">
                <Coords points="294,1757 390,1743 624,1738 660,1707 726,1746 801,1715 971,1761 1029,1727 1219,1750 1331,1698 1439,1752 1810,1722 1781,1647 1657,1634 1594,1650 1495,1626 1410,1667 1278,1632 1240,1667 1182,1650 960,1638 749,1678 507,1630 294,1638"/>
                <Baseline points="304,1708 378,1709 452,1714 526,1713 600,1711 674,1708 748,1708 822,1708 896,1707 970,1702 1045,1704 1119,1702 1193,1703 1267,1702 1341,1696 1415,1698 1489,1702 1563,1704 1637,1707 1711,1714 1786,1716"/>
                <TextEquiv>
                    <Unicode>fern Ihr Es So dann Verlanget werdet) mitt gröster Ehre</Unicode>
                </TextEquiv>
            </TextLine>
            <TextLine id="tr_1_tl_19" custom="readingOrder {index:15;}">
                <Coords points="297,1815 610,1808 776,1864 871,1786 1609,1821 1855,1798 1846,1757 1655,1709 1250,1727 664,1711 537,1754 451,1720 324,1712 297,1784"/>
                <Baseline points="308,1800 382,1787 457,1788 532,1788 606,1788 681,1786 756,1786 830,1787 905,1786 980,1786 1055,1782 1129,1783 1204,1786 1279,1788 1353,1786 1428,1786 1503,1786 1577,1786 1652,1786 1727,1789 1802,1794"/>
                <TextEquiv>
                    <Unicode>vnd reputation allhero Komen Könnet, wie Ich dan</Unicode>
                </TextEquiv>
            </TextLine>
            <TextLine id="tr_1_tl_20" custom="readingOrder {index:16;}">
                <Coords points="268,1879 427,1939 591,1889 653,1934 707,1929 821,1889 1257,1905 1504,1935 1794,1893 1817,1804 1746,1790 1649,1854 1392,1788 1325,1833 884,1790 801,1801 610,1808 268,1844"/>
                <Baseline points="280,1874 355,1875 431,1880 507,1886 583,1886 659,1888 735,1888 811,1888 887,1886 963,1884 1039,1881 1114,1882 1190,1884 1266,1886 1342,1890 1418,1888 1494,1889 1570,1890 1646,1887 1722,1886 1798,1892"/>
                <TextEquiv>
                    <Unicode>mein schutz vnd protection niemals von Euch abziehen werde.</Unicode>
                </TextEquiv>
            </TextLine>
            <TextLine id="tr_1_tl_21" custom="readingOrder {index:17;} abbrev {offset:53; length:3;expansion:Don;}">
                <Coords points="292,1972 1106,2007 1294,2027 1846,2007 1847,1931 1761,1910 1416,1934 1159,1885 1033,1887 933,1949 821,1887 673,1909 290,1895"/>
                <Baseline points="302,1960 378,1962 455,1968 532,1972 608,1974 685,1978 762,1977 838,1974 915,1973 992,1972 1069,1971 1145,1970 1222,1971 1299,1974 1375,1976 1452,1978 1529,1980 1605,1984 1682,1986 1759,1989 1836,1998"/>
                <TextEquiv>
                    <Unicode>die ander petita vnd deren verbschaidungen wirdt der D. Martin</Unicode>
                </TextEquiv>
            </TextLine>
            <TextLine id="tr_1_tl_22" custom="readingOrder {index:18;}">
                <Coords points="290,2063 396,2110 564,2102 774,2076 867,2138 1246,2066 1307,2101 1535,2078 1630,2130 1755,2094 1744,2002 1383,1978 1192,2018 989,1985 855,2022 672,1978 519,2001 290,1974"/>
                <Baseline points="300,2056 371,2057 442,2063 513,2068 585,2069 656,2072 727,2072 799,2073 870,2070 941,2069 1013,2066 1084,2068 1155,2069 1226,2068 1298,2066 1369,2066 1440,2068 1512,2074 1583,2078 1654,2080 1726,2080"/>
                <TextEquiv>
                    <Unicode>Euch schon zu referiren wissen. Mitt diser occasion habe</Unicode>
                </TextEquiv>
            </TextLine>
            <TextLine id="tr_1_tl_23" custom="readingOrder {index:19;} textStyle {offset:47; length:1;superscript}">
                <Coords points="299,2196 568,2221 722,2171 1139,2178 1246,2176 1398,2171 1825,2221 1835,2132 1609,2115 1467,2122 1408,2107 1265,2146 1170,2097 929,2144 763,2076 583,2144 485,2070 297,2084"/>
                <Baseline points="310,2178 384,2166 459,2163 534,2169 609,2170 684,2170 759,2172 834,2173 909,2172 984,2170 1059,2170 1133,2170 1208,2168 1283,2166 1358,2166 1433,2169 1508,2175 1583,2179 1658,2182 1733,2189 1808,2202"/>
                <TextEquiv>
                    <Unicode>Ich Euch 2 particularia reccomendiren wollen, 1o verlangt</Unicode>
                </TextEquiv>
            </TextLine>
            <TextLine id="tr_1_tl_24" custom="readingOrder {index:20;}">
                <Coords points="307,2283 643,2263 753,2304 931,2261 1035,2310 1413,2298 1700,2312 1851,2301 1821,2240 1640,2184 1477,2217 1333,2184 1244,2162 742,2171 659,2227 307,2207"/>
                <Baseline points="318,2256 393,2257 468,2260 544,2261 619,2262 695,2261 770,2258 845,2258 921,2258 996,2262 1072,2262 1147,2264 1222,2260 1298,2259 1373,2258 1449,2261 1524,2262 1599,2265 1675,2269 1750,2279 1826,2292"/>
                <TextEquiv>
                    <Unicode>der Marradas Ein Vacanten blaz Eines consejero de cappa</Unicode>
                </TextEquiv>
            </TextLine>
            <TextLine id="tr_1_tl_25" custom="readingOrder {index:21;}">
                <Coords points="298,2392 672,2345 1020,2410 1134,2371 1783,2374 1818,2301 1686,2325 1624,2283 1464,2327 1412,2290 1286,2287 1143,2343 898,2279 334,2283"/>
                <Baseline points="344,2338 416,2343 488,2340 560,2340 632,2342 705,2344 777,2345 849,2348 921,2352 993,2355 1066,2360 1138,2359 1210,2358 1282,2358 1354,2360 1427,2358 1499,2359 1571,2360 1643,2358 1715,2360 1788,2366"/>
                <TextEquiv>
                    <Unicode>y spada nel consejo d´arragon, woldte ihm also So vill</Unicode>
                </TextEquiv>
            </TextLine>
            <TextLine id="tr_1_tl_26" custom="readingOrder {index:22;}">
                <Coords points="305,2458 1219,2505 1668,2489 1710,2498 1740,2476 1821,2468 1819,2372 1587,2362 1424,2361 1231,2370 1071,2379 1025,2410 941,2372 840,2401 767,2350 303,2387"/>
                <Baseline points="316,2430 391,2428 467,2432 542,2434 618,2438 693,2440 769,2442 844,2442 920,2446 995,2451 1071,2452 1146,2450 1222,2452 1297,2452 1373,2452 1448,2452 1524,2450 1599,2450 1675,2455 1750,2461 1826,2466"/>
                <TextEquiv>
                    <Unicode>miglich zu erhaldtung Sein Intention an die handt Stehen.</Unicode>
                </TextEquiv>
            </TextLine>
            <TextEquiv>
                <Unicode></Unicode>
            </TextEquiv>
        </TextRegion>
    </Page>
</PcGts>
