1944 2592
422 151 1770 306 2do muß Ich nochmals den Von der borcht reccomendiren,
425 265 1741 364 weillen Sein Sohn noch nie die possession Seiner Ihme
406 331 1718 444 Verlihnen Stelle Eins comis de finanze Erlangen Konnen.
409 409 1769 544 Woldte doch machn, ut res effectuetur, et quidem brevi,
398 481 1725 626 dann Er dinst mir gar wol. 3o reccomendire Ich Etliche
383 555 1707 687 Zu thoson, nur mich der plag zu Endtübrigen, valeat a
388 645 1784 788 quantum valere potest. 4o Erinderdt BL Sich noch wol, was
368 736 1761 889 AB dem Cg Vor summa geldts Versprochen hette, wer Es
368 812 1806 956 moglükh, Ihme zu helfen, So werde CK Ein gwaldigen Nuz Empfunden,
337 895 1772 1024 woldte also schawen, Ut Cum effectu fiat, dann certe timeo, ne
359 989 1690 1094 alia Cg se Vertat ad AH. 5o wollet Ihr remonstriren,
370 1067 1806 1212 das vns daran gelegen, das man BQ assistire, dann Einmals AH
357 1145 1769 1285 dorthin nichts guettes In Sinn hatt, desto mehr Iezo ex causa
350 1207 1709 1355 Infra aducenda. auf dis Solle BL Instandissime Vrigiren.
325 1302 1798 1449 Vnd weilln Ich besorge, Er D. Martin möchte Sich In Reitten nicht
350 1381 1749 1546 vberEiln, als will Ich, das mehrere bey der post schreiben vnd
354 1464 1733 1622 beziehe Mich In vbrigen auf Ihne d. martin. dis Inligende
320 1563 1803 1709 2 schreiben an Reginam Et eius contessarium Ist remissive
344 1643 1790 1808 ad Illas repraesentationes, quas pro moderno rerum
366 1729 1795 1900 statu Ihr Ihnen repraesendiren Könnet. an Main gespons
357 1830 1806 2005 habe Ich mitt diser gelegenheitt ex duplici capite nicht geschriben,
350 1948 1802 2099 primo hatt mir D. martin Kein gebracht, wer also nit graimbt,
300 2027 1785 2178 2do Wirdt die post Ehender Kommen. Eben heütt bey der
300 2116 1685 2271 post schreiben M. dela fuente, daß die Regina madre
304 2215 1672 2353 den 20. Iüngsthin gestorben Sey. requiescat In pace.
313 2281 1787 2459 Vor Vnser haus wer Wol besser gwesen, wann Sich anoch
285 2360 1780 2523 Ein Etliche Iharl gelebt hatt, sed sicut domino placuit, Ita
