1944 2592
441 131 1764 319 Lieber grav Von Pötting. die Vergangne post Ist
496 254 1801 407 abermal nichts ausß Spanien Komen. vnd ist Ia Zu
482 333 1737 497 bedawern, das bey diser So vblen zeitt Vnd gefahrlicher
473 445 1776 581 coniuncturen mann nitt a tempo die brieff haben Könne.
447 518 1849 721 Itaque timeo ne anguis lateat In herba et forte 31 13 34
433 644 1852 836 85 21 11 43 13 42 11 06, Id est, daß Villeicht 31 13 34 21 11 43 13 89
399 742 1845 883 Selbst dise Sachen Imbroglirn. mir Komb Es aber noch vill
427 817 1790 983 schwerer an, weillen mann alhir So Saubere zeittung
386 885 1835 1059 spargirdt et quidem quasi omnia veniuntt 12 42 34 69
420 980 1738 1095 32 11 23 0 23 13 11 870 die Zeittung Sein aber dise. 1o
414 1048 1840 1228 dicunt 33 14 24 41 44 44 33 AB 87, 2do 13 41 12 24 08
353 1137 1854 1364 AE 41 13 23 11 41 44 33 06 13 43 0 11 44 32 44 34 41 44 33 6680,
384 1228 1844 1462 3o 85 BZ 12 34 34 12 11 33 14 41 143 44 33 0 11 AC 13 33 14 79
390 1321 1841 1508 13 43 42 11 21 41 13 44 11 41 44 33 0. Ich glaube aber nichts,
364 1370 1846 1605 aber das außbleiben der brieff macht mich ganz Sorgfeldtig
374 1447 1787 1650 Et postea Kan mann nicht In tempore andtwordten.
346 1555 1841 1769 was hieraus Vor Ein schaden Endtstehen Kann, Ist nit Zu Sagen.
325 1657 1640 1794 wer also guette, wann dise mora remitirdt wurden.
323 1723 1811 1887 der Frueling Ist schon an der handt. Vnd obwolen Ich hoffe,
339 1807 1836 1987 Vor anlangung dißes Solle die jornada schon angefangen
308 1888 1821 2074 haben, doch chi ama teme, also beschlicht Es mir
343 2017 1778 2145 auch, dann Ich forchte Noch all weille. doch Si Nondum
328 2071 1716 2232 adhuc nondum abysset (quod averta DEVS). So
329 2159 1802 2286 must Ihr auf allwais Inharirn, Vt subito discedat.
297 2252 1749 2381 Al hier Sind vill Wir alle wol auf. allein mein Zendt
296 2324 1773 2482 plagen mich abermal 2 tag hero, doch Ist Es heutt schon
282 2427 1793 2572 So guett, das Ich wieder bin In die Capilla gangen.
