1944 2592
503 146 858 303 diser Faschin Ist
749 101 906 228 hette
811 127 1826 274 Zimbl Still Sein Sollen wegen der
488 215 1858 399 Klagen, doch haben wir Etliche festl In Camer gehabt.
466 313 1828 441 dann Es hilftt den doden doch nicht, wann mann
443 370 1872 534 traurig Ist. doch alle ganz retirat. Vor dißmal habe
417 445 1883 631 Ich Sonst nicht. allein wollet Ihr das Ienige beobachten,
413 535 1883 689 So Euch breviter aus der Canzley geschriben wirdt. Vnd
407 637 1887 792 Ich Verbleibe Euch mitt beharlichen hulden Vnd genaden
477 740 916 883 alzeitt gewogen.
368 824 888 1024 Leopoldt
1161 705 1903 821 Wien, den 17. Merz 1666
