1944 2592
520 195 1745 349 aemuli Hengen Ihme darinnen auch manches Klappele an.
493 291 1804 439 Von hier aus Ist Sonsten nitt Vill Zu berichten. AG non bene
485 364 1808 506 valet, Heri timuimus Variolas, Hodie meliorem habemus spem,
489 442 1807 572 avertat deus Variolas, dan 38 Ihar Ist schier Zu Vill Zu
487 539 1821 683 diser Krankheit. Vnd weillen Es schon halbe 8te, So Kan Ich
471 615 1816 765 nit mehr schreiben, Sondern beziehe Mich Zu allen auf den
483 696 1667 826 Canzley despacho Vnd  Verbleibe Eur gnädigster Herr.
512 789 879 944 Leopoldt
1222 782 1824 883 Wienn, den lezten Marz
1716 872 1832 929 1666
