1944 2592
373 106 1704 302 Lieber grav Von Potting. Vergangnen Montag Vor 8 tagen,
357 208 1745 372 Vmb 9 Vhr Vormittag, als Ich Eben In Rath gesesßen, Kombt
317 300 1760 445 der Hanricht vnd bringt die despachos Von 25. April mitt der
341 400 1707 556 Erfreilischen nachricht des Selbigen tag Erfolgten desposorio.
350 505 652 588 Kaumb war
439 489 647 547 wie mir
652 515 1725 651 nun Voller Freiden gwest, Kombt den Mittwoch
313 587 1762 771 darauf nach 9 vhr abendts, als Ich bereit Zu bett gelegen, Eur
274 692 1745 835 Stallmaister Vnd bringt die expedition Von 30. dito mitt der So
297 794 1744 955 lang Von mir Verlangten Zeittung der Erfolgten wirkhlichen
302 903 1769 1061 abrais mainer gemahlin, So mich In main Seel Erfreütt. Nun
302 1003 1759 1135 Könndt Ich leücht Erachten, was Consolation dise avisi nitt allein
275 1105 1801 1230 In mir, Sondern In allen meinen lendern Erwekht hatt. In Kan Sagen,
274 1177 1770 1287 das Ich Vor freiden nit gwust, Wo Ich war, dan Ich alweil besorgt habe, Es
290 1222 1762 1366 Stekhe noch was darhinder. nun Sey Gott in alle Ewikheit geprisen,
293 1325 1792 1465 das alles So wol abgangen, Vnd weilen Ihro May. die Konigin diß
256 1388 1810 1544 werkh allein gricht, also habe Ich resolvirdt, disen Eingen Courier Tyrol
252 1476 1759 1609 hinein Zu schikhen, die danksagung abzuelen. Woldt diesemnach Ihr
271 1565 1787 1737 May. der Königin auf das höchst danksagen Vnd Sie Versichern, das
274 1664 1793 1826 Sie mich vnd dero tochter, meine nunmherige Gemahlin, alzeitt Zu dero
277 1752 1798 1908 dinsten haben werde, solle auch Gott vns Könder bescheren, Sollen Selbe
260 1855 1800 1984 Ingleich Zu dero disposition Sein, wie Ihr mitt mehr Zu Contestiren wisßen
267 1939 1797 2054 werdet. Es wirdt Euch auch der Canzley Ein mehrs waisen. Nach diesen Erkhenne
238 2020 1794 2135 Ich das maiste Von Eur ohngespardten Fleis, thue Euch also auch davor ganz
257 2094 1790 2249 genedigen dankh Erstatten Vnd werde Es gegen Euch In allen begeben
256 2184 1786 2327 heit mitt wirkhlichen Kay. genaden Erkhennen. Weilen nun diser curier
245 2263 1782 2392 nur wegen diß Cumpliments geschiKt wirdt, also woldt Ihr Selben
249 2327 1731 2460 alsbaldt Zurukhschikhen Vnd dabey ausfürlich berichten, In quo statu Illa
268 2396 1749 2513 negotia maxime Vero lusitanicum versentur. Hoc occasione woldt Ihr
1550 2461 1691 2509 mir
