1944 2592
329 198 1774 362 Lieber graff Von Potting. die Iungstt alhie angelangte
379 300 1813 436 Niderlandisch. Vn spanisch Ordinari, Ist gar vber conditionirdter
331 393 1829 526 angelangt, dann Vnderwegs Ist Sie In luzelburger landt, ohnweitt
340 495 1757 609 asselhorn abermal geblünderdt worden. alle pakhett haben die
343 573 1809 713 Rauber Erofnet, theils brieff zestreutet ligen lasßen, die Maisten
327 659 1777 819 aber mitgenomen. Von der Konigin, Euch Vnd p. neidhardt
330 758 1825 913 habe Ich nix bekomen. Von lisola Ein schreiben ohne Coperdt
326 851 1853 1023 Vnd zimblich Zerissen. Von Eurem sec. Koch wegen adtministration
316 944 1831 1090 Sache. Ein briefl Ist ganz anKomen. Von Euch an lessel Ist
321 1022 1796 1148 auch Ein brieff anKomen. Habe also dis brichten wollen, damitt
308 1114 1733 1227 mann doch remedir, weillen Es In Niederlandischen gebiett
291 1177 1791 1344 geschen. Ob Es 11 0 32 11 23 23 13 34 oder wol auch gar o 11 21
307 1280 1840 1479 44 43 14 69 44 12 23 11 23 41 12 24 14 657 33 13 43 13 34 41 24 14 68
287 1401 1835 1558 31 13 34 21 11 43 13 42 14 06 herKome, est mihi quaestio prob
280 1470 1765 1604 lematica, dahero wirdt mann wol Ein wenig penetrirn Konnen,
295 1556 1835 1679 was Er damitt Vor Ein bschaffenhaidt hatt. aus privat schreiben,
286 1628 1825 1780 So manch privatus Empfangen hatt, Siehe So Vill, das 41 14 43
303 1705 1826 1924 68 13 44 11 43 0 21 13 41 12 24 44 33 21 068 21 12 13 31 14 44 695
304 1838 1710 1975 34 12 13 12, So mir nit gefaldt, wardt also das Ihr wol mitt
287 1902 1810 2029 Verlangen auf die Negste brieff. wollet Von allen duplicata
290 1962 1773 2108 schikhen, auch wann Ihr Euch Erinderdt möchte, was In Eigenhendigen
284 2043 1796 2202 berichtet zu haben, So must Ihr es nochmalls Repitiren. Was aber
276 2147 1794 2275 disen obigen punct anlangt, woldte Ihr, das Ihr wol penetrirdten,
270 2228 1762 2351 quid agatur, auch gar caute Umbginnen, dann Es Er Ein gar
280 2281 1793 2431 Spinosa materia Ist. sapienti pauca. Wir alhie Seint
274 2374 1707 2505 Sonsten alle Gar wol auf. Ich habe Zwar Ein par tag Ein
