1944 2592
423 372 1696 551 Lieber von Pötting. Ich habe gwiß mitt vbergrossen Contento Auß Euren Eigenhendigen
435 471 1688 628 schreiben von 5. Aprill wie auch andern Euren relationen Verstanden, daß Ihr daß
435 580 1700 723 Euch anvertraute negotiam wegen publicierung meiner vreligung mitt aldasiger
421 687 1671 819 Infantin So glukhlich ZuEndt gebracht. Erkhenne es auch gegen Euch In allen
430 779 1730 915 Kay.  genaden. Waß wir alhir vor demonstrationes vber dise zeittung vnd fiestas
418 889 1772 1009 gehaldten haben, werden zhweiflß ohne Euch der graff von lamberg vnd andere berichten.
407 968 1781 1115 Ich schiKe hiebey nur Ein specification der Ienigen Cavag., So mitt Mir In Koprennen
399 1097 1756 1209 gwest Sein wie auch Von weme die praetia gwinnen worden. alle dise notitias,
423 1152 1747 1284 welche ihr von mir alß andern vber diese fest hatt, wollet Ihr May. der Konigin
415 1288 1761 1405 vnd den P. Neithardt comuniciren, weilen Ich Ihnen nicht alles außfürlich beschriben habe.
423 1379 1772 1503 nur 2 Sachen hab Ich haben Erindern wollen, Eins, daß Ich daß Erste mal offendtlich gerenet habe.
427 1477 1823 1612 daß 2te, daß alles dise Fest In Einen tag zugericht worden, dann am Erchtag vmb 2 Uhr
440 1573 1670 1703 N. mittag Ist der hainrich ankhomen, am Pfinztag Ist alles gehaldten,
466 1672 1760 1800 also alls nur allein am Mittwoch In ordtnung gebracht worden. Ich Erachte wol
450 1768 1749 1901 für hochst notwendig, daß mann diß werkh zum volligen Schluß bringe,
428 1863 1769 2014 dahero bin Ich In werkh begriffen, Ehistens Eingnen Curir an Euch zu Expediren
442 1981 1770 2120 vnd weilen Socher hoffendtlich Vor disen Meinen schreiben anlangen wirdt, also thue Ich
466 2072 1723 2210 mich dahin beziehen. Versichere Euch vbrigens Meiner bestendigen
474 2168 934 2291 Kay. hulden vnd genaden.
531 2237 715 2377 Leopoldt
1094 2165 1667 2284 WLaxenburg, den 2. May 1663
