1944 2592
296 407 1588 622 Lieber Graff Von Pottig. In habe aus Eurem schreiben von 4 July
317 530 1732 723 dessen Inhaldt mitt mehrerem Verstanden. der Verlust Ebora Ist wol mal
342 652 1694 805 a proposito Komben, dann vnsere Sachen mitt dem Türkhen auch nitt am
333 749 1739 943 allerbesten Stehen. man glaubt Er wirde Neühausel attaquiren vnd 44 43 0
331 879 1762 1075 34 12 24 12 6 33 11 42 31 41 7 13 34 41 0 43 13 41 / 21 11 34 41 11 43 41 69 13 31 33 12
346 974 1754 1192 13 33 22 12 23 41 41 42 44 21 13 41 12 24 34 41 31 12 31 12 43. Vbrigens habe Ich nix
346 1048 1710 1251 von hir Zu berichten. Ich bin Gott gar wol auf.  dem herren
352 1120 1659 1355 bruedern Ist Sein linzer reiß auch gar wol zugeschlagen. Vbrigens
316 1240 1136 1392 Verbleibe Ich alzeitt Eur gnädigster Herr
371 1338 608 1508 Leopoldt
1157 1300 1678 1484 Wienn den 8. Augusti
1544 1451 1657 1515 1663
504 1505 712 1632 P. S.
196 1572 1627 1826 das von des borkh P. Sein expedition wegen Seines Sohns
206 1708 1691 1942 praetension Ist noch nitt Komen, wie Ihr mitt den vorigen briefen Vermeldtet habet.
208 1741 1636 2021 Erindere es also Euch allein Zu disen Ende, daß wann gedachte expedition
220 1848 1682 2126 noch nitt verferdtigt worden, weren Ihr Instendigst darob Seint, daß Es Ehistens Erfolgen,
206 1913 1168 2146 Dann Ich den guetten Erlichen mann gern baldt geholfen Sahe.
