1944 2592
397 325 1709 477 Liebe graff von Potting. auf Eur schreiben von 26. 7b. habe Ich Vor dißmal
410 435 1714 550 nix zu andtwordten, alß daß mir der beygeschloßne arbor nostrae domus
397 535 1159 687 gar wol gefallen hette. Ingleichen wegen
1036 533 1128 574 werde
1126 525 1811 646 Ich mich der Notitia bedienen, So Ihr
403 628 1760 761 mir von Ienigen Künstler gebet, So Gar vol In metall schneiden thuet.
405 713 1749 861 Ich befündte mich Gott lob wol auf. die Erz. Marianderl hatt zu linz
392 818 1866 954 die blattern. Den türkhen anlangendt hebt Solcher an, sich nahe ofen vnd G. waissen
401 920 1825 1066 burg Sich zu ziehen. vnd weilen schon grobe wetter Einfaldt, So werden wir
428 1006 1856 1192 mussen auch auf die windterquartier bedacht Sein. Graff Niclas von Zer
1751 1021 1852 1097 Zrin
426 1137 1344 1265 hatt Ein partie von 300 türckhen geschossen
1140 1106 1413 1216 geschlagen,
1381 1126 1836 1252 Graff peter aber hatt
408 1224 1842 1373 noch ein besseres glukh gehabt, Ihn deme Er auf den Cärlstetterische grenizen
421 1342 1867 1511 5000 türkhen Incontrirdt, darauf getroffen, auch 2000 davon niedergemacht
434 1442 1816 1587 auch gar vill gefangen bekhomben, darunder vill fornembe türkhen, absonderlich des
455 1534 1842 1680 Bassa, So die faindtliche partie comandirdt, Brudern, So schon für Sein
453 1638 1803 1773 ranzion 30.000 Rtl. angeboten. Ich Zweifle Nit, Ihr, werdt anderweittig
408 1723 1870 1868 mehrere particularia Verstehen. Verrers Solle Ich Euch gnädigst Nicht Verhaldten
406 1834 1831 1958 waßmassen gesterdt Ein Curir von Neapoli Komben, So mir von dasigem
392 1921 1851 2063 Virrey Conde Peñeranda brief auch Ein wexl per 50.000 Rtl. gebracht
401 2043 1837 2156 welche er mir vberschiKt, Weil er die Vbergab Neuhaißel Verstanden. habe es
394 2111 1785 2244 Euch also zu disen Ende zue wissen machen wollen, auf daß Ihr dise des Conde prontezza
394 2175 1759 2331 an Kön. hoff, wie billich, rumen Könnet. vnd Ich Vebleibe Eur gnädister Kayser
1324 2291 1537 2367 vnd Herr
430 2251 723 2389 Leopoldt
1578 2307 1745 2381 Wienn
1498 2358 1832 2469 den 31. 8b. 1663
