1944 2592
347 252 1707 447 Lieber Pötting, mein leztes Schreiben, So durch den Curir gangen,
335 392 1773 550 ware, So mir recht Ist, von 10. diß, den tag hernach Kombt Ein spanischer
335 491 1712 623 Curier, hatt aber nix gebracht, alß Ein Etwa 3 finger hoches
330 584 1755 756 pliego an D. Diego de Prado, weilen Er aber gesagt, es Seyen cose
327 683 1710 827 d'Importanza, der diego auch nit zu linz, Sondern noch gar zu
345 809 1778 915 wien waren, vnd wir besorgt, durch die moram mochte waß Verseümet
327 903 1792 1037 werden, alß habe Ich Solches pliego abfordern vnd durch den f. von portia
345 1033 506 1144 Eröfnen
479 1011 648 1094 lasßen
506 1027 1777 1144 vnd nach dem Ehr darinnen Ein brief an Ihn, den andern von Euch
359 1133 1773 1251 an mich gefunden, hatt Er Solche heraus genomen, das vbrige pliego
327 1241 1672 1368 zuegmacht vnd also den Curir Zu den D. Diego fordtreitten lasßen.
341 1341 1812 1458 Ich habe Euch alles also beschreiben wollen, daß wann mann andet, daß mann
333 1449 1713 1585 das pliego aufgemacht, Ihr wisset, aus was Vrsachen es geschehen,
335 1562 1754 1663 vnd darauf andtwordten Können. die materiam Selbst anlangent, begriffe
338 1659 1817 1796 Eur gedachtes schreiben nix alß die Von König Euch communicirdten 44 43 41
347 1805 1795 1898 44 14 24 33 32 12 34 32 23 11 23 32 43 12 06 31 12 13 24 11 31 41 69 41 12 34 12 24 42 42
346 1916 1780 2023 31 12 24 42 42 14 23 32 34 950 34 13 23 32 33 44 43 41 34 78 33 13 41 6 41 12 24 0
354 2007 881 2095 33 11 41 11 33 14 13 34 12 13 23 23 32 32
746 2072 879 2112 23 23
861 2002 1742 2110 12 41 12 97 14 24 32 23 12 43 34 69, weilen nun
359 2061 1751 2200 dises Ein werkh Von hoher, anzi höchster Importanz Ist, auch nix waiß, waß dem
364 2156 1726 2305 Diego geschriben worden, auch waß der Konig an mich schreibt, auf welches Ihr
342 2245 1773 2383 Euch bezihet, Ich Solches schreiben aber noch nitt bekhomen, Zu deme auch dißes werkh
359 2339 1737 2447 14 31 43 12 0 42 14 33 33 44 43 13 42 11 41 13 14 43 06 33 13 41 41 09 41 12 33 12 24
348 2394 1748 2505 42 42 31 12 24 42 42 14 32 nit wolle gechehen Kan, also Kan Ich for dißmal
