1944 2592
360 156 1859 336 darinen Ich Erstens parte gib Von den toth, anders auch In dieser materi Etwas
354 266 1850 430 toccire vnd mich auf Euch beziehe. werdet also Selbige Vbergeben vnd dabey
288 367 1862 529 Instadigst Ihr M. bittet, Sie wolle Sich doch diser Sach annehmen vnd helfen, daß es
315 486 1871 635 zu den rechten Ende gelangen Könne. Ich mein wol, es werde da nit remonstrirens bederfen,
326 594 1849 750 dann Sie ohne diß gar gern dazue helfen wirdt, doch muß mann alles thuen, waß
319 690 1866 846 zu thun. 3o Ist Ein schreiben an P. nidhardt, mitt dem Ihr alles Vertreilich Zu Comunici
322 815 1834 956 ren haben werdtet, auf daß Er auch auch hizue concurire, dann Er Vill
303 904 1837 1068 thun Kan. an disen, meine Ich, werde Vill gelegen Sein. dises Ist waß mir
328 1015 1871 1173 beyfeldt. die summa aber bestehet In deme, daß Ihr Euffrigst, Ia Importune
315 1147 1867 1283 opportune sollicirdt, daß Es zu Einer Categorischen resolution Kombe, dddaß
1790 1161 1861 1213 daß
323 1249 1844 1387 Nitt more Hispanico Ein dilation vber die andere Eingemischt Verde.
258 1342 1861 1488 Sonsten habe Ich Eur schreiben von 2o Jener dis Ihars Empfangen, habe nix zu beandtwordten.
295 1471 1858 1619 wegen der succursen vnd hilfen contra Turcas habe Ich gnädigst Euch Erindern wollen, daß
288 1599 1834 1717 wann noch Selbige nit zu werkh gesteldt weren, wie Ich hoffe Es doch Ehists
280 1697 1868 1824 Erfolge, zu welchen Ende Ihr auch Instendigst andtreiben Sollet, dann ohne disen sehr
261 1805 1843 1914 hardt forttzuKomen Sein wirdt. Der Etlich mal Von Euch benandte Cristian
235 1900 1789 2053 Von Beerhen Ist alhir angelangt und Ist Iezo In werkh begriffen, mir
249 2010 1817 2183 Ein Vorschlag Von Geldtmitteln zu thuen. hiemitt bezihe Ich mich nochmals
250 2109 1836 2290 auf gedachte Canzley schreiben, auch, was Euch der Furst portia schreiben wirdt,
234 2195 1450 2417 und Verbleibe Euch mitt Kay. hulden alzeitt wol gwogen.
275 2272 616 2437 Leopoldt
1255 2343 1810 2490 Regenspurg, den 9.ten feb.
1771 2404 1877 2487 1664
