1944 2592
295 270 1789 493 Lieber Potting, Ich habe Eur schreiben von 16. Iungsthin zu recht
349 409 1801 589 Erhaldten, habe auch nich darauf ferers  zu meldt melden. Ihr werdet
364 514 1795 664 aber Seither bey des Curirs henrich schalmey ankhunfft Vestanden haben,
338 619 1773 773 waß Ich de novo befelhen wolle, also demselben krheftig Insistiren
332 719 1844 884 Sowol wegen der hilfen als wegen 21 12 34 41 13 33 33 44 43 32 60
361 852 1854 1004 12 13 43 12 24 06 32 12 21 13 34 34 12 43 97 42 42 12 13 41 60 42 42 44 69
353 987 1839 1107 41 12 24 11 21 24 12 13 34 079 4112 24 13 42 22 11 43 41 13 43 6078956
346 1065 1843 1202 vnd darob Sein, daß Ehist Ein Categorische resolution Erfolge. Sonsten
357 1176 1790 1316 bin Ich wol auf, hoffe auch paldt diese Sachen zu Ende zu bringen.
332 1248 1239 1416 Verbleibe himitt Eur gnädigster Kaiser vnd herr
352 1366 740 1594 Leopoldt
1305 1236 1870 1400 Regenspurg, den 14.
1615 1322 1844 1475 Feb. 1664
