1944 2592
377 181 1720 361 Lieber Pötting, aus Eurem schreiben Von 23. May habe Ich daß
389 316 1741 450 Ienige Verstanden, waß Ihr mir hatt berichten wollen and quod Iam
393 384 1741 566 quod respondeam non habeo. Ich befinde Mich Gott Sey lob gar
382 489 771 616 wol auf vnd bring
664 467 797 524 bin
776 461 1776 598 vor Ein 2 Stundten aufgebrochen, wie Ich dann dises
363 561 1698 712 Zu schiff schreibe. Waß In Turcicis passirdt, werden Euch andere gwiß
367 656 1784 826 berichten. lewenz hatt der souches auch Eroberdt, vnd weilen es gar warmb,
377 758 1799 910 alß habe Ich Kein lust zum schreiben, Sondern Ende vnd Verbleibe alzeitt
368 893 796 1022 Euer allergnädigister Herr
284 979 755 1179 Leopoldt
884 850 1716 996 In schiff ohnweitt Von mathausen
1275 958 1752 1121 den 24. Iuny 1664
