1944 2592
376 375 541 435 hinen
552 366 717 426 Potting.
758 369 800 429 Ich
820 366 903 426 habe
924 367 975 427 Eur
1006 372 1172 432 schreiben
1213 378 1285 438 von
1296 380 1347 440 166
1368 387 1461 447 July
1482 396 1533 456 zu
1564 407 1647 467 recht

374 466 551 526 Erhaldten
585 454 618 514 vnd
644 454 770 514 das
796 450 981 510 Vernomen,
1015 455 1065 515 daß
1116 461 1167 521 Ihr
1192 466 1394 526 memal
1411 483 1639 543 Eingen

372 555 468 615 hatt,
496 549 563 609 die
573 553 697 613 haus
725 554 830 614 waß
840 552 907 612 der
907 551 1060 611 Infantin
1069 559 1384 619 beschringen
1441 580 1508 640 vnd
1518 588 1594 648 habt
1652 599 1699 659 Ihr

374 661 473 721 hiran
528 658 583 718 gar
616 659 681 719 recht
725 658 835 718 gehen.
879 653 934 713 vnd
934 650 1021 710 weilen
1076 648 1098 708 die
1142 650 1328 710 Konigin
1372 658 1482 718 Solch
1493 667 1580 727 auch
1602 677 1657 737 dise
1701 688 1734 748 Sie

376 758 432 818 gar
448 760 738 820 Euseriganimbt,
770 756 810 816 alß
834 754 939 814 meine
979 755 1020 815 Ich
1028 756 1092 816 Ihr
1124 758 1221 818 Soldt
1261 758 1301 818 Ihr
1334 756 1414 816 May.
1438 754 1503 814 Von
1543 757 1631 817 mit

360 870 461 930 hochst
495 860 630 920 dankhen
647 860 723 920 auch
740 857 841 917 amb
850 855 1154 915 Continuation
1179 857 1238 917 der
1255 859 1441 919 aistens
1466 864 1500 924 an
1551 872 1660 932 fleichen

355 985 439 1045 Waß
448 980 499 1040 der
516 986 972 1046 21122411341
981 990 1065 1050 60
1065 991 1082 1051 33
1108 1000 1716 1060 anlangt,

345 1073 450 1133 Solche
479 1070 542 1130 von
563 1072 712 1132 Posse
726 1074 853 1134 Impaten
930 1074 1001 1134 wol
1093 1072 1347 1132 aufgede
1382 1070 1523 1130 Sachen,
1545 1074 1728 1134 Verben,

347 1154 440 1214 wie
471 1158 541 1218 Euch
548 1162 610 1222 der
626 1167 687 1227 Es
687 1170 811 1230 Von
850 1177 989 1237 portia
1012 1174 1082 1234 mitt
1128 1171 1275 1231 mehen,
1306 1174 1383 1234 So
1414 1175 1553 1235 heiben
1553 1174 1662 1234 wirdt.
1693 1181 1762 1241 daß

365 1286 744 1346 41144306134411430
755 1308 1618 1368 4111341312411241123114112341243

356 1369 463 1424 habe
483 1369 509 1424 Ich
529 1369 543 1424 gar
543 1369 669 1424 gen
669 1369 829 1424 gedt
855 1364 922 1424 wolle
955 1368 1115 1428 cooperir
1148 1374 1188 1434 Ich
1208 1376 1288 1436 ane
1415 1378 1475 1438 dann
1528 1383 1588 1443 mir
1601 1387 1668 1447 gar
1708 1396 1754 1456 Vill

325 1436 384 1496 dan
464 1434 626 1494 gelegen.
655 1438 699 1498 de
714 1438 824 1498 anis
846 1444 912 1504 kan
985 1454 1029 1493 Ich
1059 1454 1103 1493 Ver
1140 1454 1162 1493 die
1169 1453 1389 1513 nig
1426 1461 1580 1521 schreiben,
1602 1462 1719 1522 weillen

377 1498 446 1558 die
469 1501 591 1561 and
606 1505 683 1565 Sich
683 1507 744 1567 Ein
767 1508 851 1568 wenig
881 1523 1057 1583 recesein
1088 1533 1210 1593 thuet.
1256 1536 1332 1596 Ich
1355 1530 1431 1590 bin
1477 1531 1546 1591 Ihr
1607 1535 1668 1595 wol
1683 1544 1752 1604 auch

358 1592 439 1652 vnd
439 1605 546 1665 zihe
564 1612 654 1672 Ihr
716 1614 770 1674 auf
788 1617 851 1677 die
860 1622 994 1682 Ingt.
1021 1627 1137 1687 Ende
1164 1620 1289 1680 himitt
1343 1615 1388 1675 vnd
1406 1609 1656 1669 Verbleiben.
1683 1621 1710 1681 Er

349 1698 484 1758 alles
529 1714 637 1774 be

407 1806 687 1866 Leopoldt

1114 1711 1252 1771 Wienn
1326 1706 1368 1766 den
1400 1707 1400 1767 2
1432 1710 1580 1770 tag

372 1970 523 2030 alle
549 1979 620 2039 auch
638 1993 744 2053 Euch
762 2000 779 2060 nitt
779 2007 1116 2067 Verhaldte,
1151 2002 1213 2062 daß
1231 2002 1284 2062 der
1301 2002 1328 2062 or
1399 2017 1717 2077 granderi,

406 2043 455 2103 Ihr
487 2038 536 2098 die
536 2053 796 2113 ander
878 2092 1089 2152 anders
1089 2112 1317 2172 ges
1365 2121 1430 2181 nur
1447 2126 1495 2186 Ein
1528 2135 1593 2195 hie

379 2118 506 2178 hiebe
533 2121 560 2181 von
606 2137 706 2197 Sagt
742 2156 879 2216 gestete
