<?xml version="1.0" encoding="UTF-8" standalone="yes"?>
<PcGts xmlns="http://schema.primaresearch.org/PAGE/gts/pagecontent/2013-07-15" xmlns:xsi="http://www.w3.org/2001/XMLSchema-instance" xsi:schemaLocation="http://schema.primaresearch.org/PAGE/gts/pagecontent/2013-07-15 http://schema.primaresearch.org/PAGE/gts/pagecontent/2013-07-15/pagecontent.xsd">
    <Metadata>
        <Creator>prov=READ-COOP:name=PyLaia@TranskribusPlatform:version=2.33.0:model_id=50870:lm=none:date=24_10_2025_17:50</Creator>
        <Created>2025-10-07T15:59:43.711+02:00</Created>
        <LastChange>2025-11-10T23:04:10.283+01:00</LastChange>
        <TranskribusMetadata docId="11132745" pageId="104004589" pageNr="102" tsid="262036688" status="GT" userId="220254" imgUrl="https://files.transkribus.eu/Get?fileType=view&amp;id=OEAURUHBXKNVWTXWKOTUAFNA" xmlUrl="https://files.transkribus.eu/Get?id=KJBANTHBMFQIVYFIIVKIOHGU" imageId="87275041"/>
    </Metadata>
    <Page imageFilename="0102_HHStA, GK, K. 33.1, Buch 1662-1665, fol. 144r.JPG" imageWidth="1944" imageHeight="2592">
        <ReadingOrder>
            <OrderedGroup id="ro_1765532866648" caption="Regions reading order">
                <RegionRefIndexed index="0" regionRef="r"/>
            </OrderedGroup>
        </ReadingOrder>
        <TextRegion id="r" custom="readingOrder {index:0;}">
            <Coords points="230,192 1846,244 1846,2542 239,2544"/>
            <TextLine id="r_tl_1" custom="readingOrder {index:0;} split_word {offset:65; length:3;}">
                <Coords points="241,419 575,394 641,421 770,394 858,430 1078,392 1219,434 1598,432 1735,434 1747,310 1287,329 816,321 435,294 411,232 348,214 239,371"/>
                <Baseline points="250,396 280,394 310,394 340,392 370,388 400,388 430,386 460,386 490,384 520,384 550,382 580,382 610,382 640,382 670,384 700,386 730,386 760,386 790,386 820,388 850,390 880,390 910,390 940,390 970,390 1000,390 1030,390 1060,388 1090,390 1120,390 1150,390 1180,390 1210,390 1240,392 1270,392 1300,390 1330,390 1360,392 1390,392 1420,392 1450,394 1480,396 1510,400 1540,404 1570,406 1600,410 1630,414 1660,418 1690,420 1720,422 1750,426 1752,426"/>
                <TextEquiv>
                    <Unicode>Lieber von Pötting. Euer schreiben von 13 aug. Sein mir zu recht Ein</Unicode>
                </TextEquiv>
            </TextLine>
            <TextLine id="r_tl_2" custom="readingOrder {index:1;} split_word {offset:0; length:10;}">
                <Coords points="283,566 409,506 909,519 1092,539 1646,539 1802,590 1783,461 1674,478 1409,407 281,440"/>
                <Baseline points="294,506 324,502 354,502 384,502 414,498 444,498 474,496 504,494 534,494 564,494 594,492 624,492 654,492 684,492 714,492 744,492 774,490 804,488 834,486 864,486 894,484 924,484 954,486 984,486 1014,486 1044,486 1074,488 1104,490 1134,490 1164,494 1194,494 1224,494 1254,496 1284,496 1314,496 1344,496 1374,496 1404,498 1434,502 1464,504 1494,508 1524,510 1554,514 1584,518 1614,520 1644,524 1674,530 1704,534 1734,538 1764,544 1790,546"/>
                <TextEquiv>
                    <Unicode>gelieffert worden. vnd waß anlangt die formirung des hoffstats meiner</Unicode>
                </TextEquiv>
            </TextLine>
            <TextLine id="r_tl_3" custom="readingOrder {index:2;}">
                <Coords points="275,671 416,631 759,635 973,614 1407,626 1741,648 1741,564 1693,550 1236,536 1032,505 424,543 275,604"/>
                <Baseline points="286,632 316,626 346,624 376,622 406,620 436,618 466,614 496,614 526,610 556,610 586,610 616,610 646,608 676,610 706,606 736,606 766,604 796,604 826,602 856,602 886,600 916,598 946,596 976,596 1006,596 1036,596 1066,598 1096,600 1126,600 1156,602 1186,602 1216,602 1246,602 1276,604 1306,604 1336,604 1366,604 1396,606 1426,608 1456,608 1486,610 1516,612 1546,614 1576,616 1606,618 1636,620 1666,624 1696,628 1726,630 1746,634"/>
                <TextEquiv>
                    <Unicode>gespons, wann Es bey den Von Euch mir vberschiKten proiect bleibet,</Unicode>
                </TextEquiv>
            </TextLine>
            <TextLine id="r_tl_4" custom="readingOrder {index:3;}">
                <Coords points="308,742 417,753 981,732 1072,702 1711,722 1701,642 1452,628 1020,631 930,627 310,661"/>
                <Baseline points="318,728 334,728 364,726 394,724 424,722 454,720 484,718 514,716 544,712 574,710 604,710 634,710 664,708 694,708 724,706 754,704 784,702 814,702 844,702 874,704 904,704 934,700 964,700 994,700 1024,700 1054,700 1084,698 1114,698 1144,698 1174,698 1204,698 1234,694 1264,694 1294,694 1324,694 1354,694 1384,696 1414,698 1444,698 1474,696 1504,698 1534,700 1564,702 1594,704 1624,704 1654,706 1684,710 1714,716"/>
                <TextEquiv>
                    <Unicode>bin Ich zu 1000 mal wol zu frieden, weillen er Ein erliche zall</Unicode>
                </TextEquiv>
            </TextLine>
            <TextLine id="r_tl_5" custom="readingOrder {index:4;} abbrev {offset:42; length:10;}">
                <Coords points="280,853 489,846 569,858 1210,836 1447,814 1504,862 1744,834 1736,741 1489,727 1351,755 1080,700 948,755 281,757"/>
                <Baseline points="290,834 296,834 326,832 356,832 386,830 416,828 446,826 476,824 506,820 536,820 566,816 596,816 626,816 656,816 686,816 716,814 746,816 776,816 806,818 836,820 866,820 896,820 926,822 956,820 986,820 1016,820 1046,818 1076,814 1106,812 1136,810 1166,808 1196,808 1226,806 1256,806 1286,806 1316,808 1346,810 1376,810 1406,812 1436,812 1466,812 1496,812 1526,812 1556,814 1586,816 1616,818 1646,822 1676,824"/>
                <TextEquiv>
                    <Unicode>vnd Kein Solcher plunder Ist, Wie bey mer gnädigsten Fraw</Unicode>
                </TextEquiv>
            </TextLine>
            <TextLine id="r_tl_6" custom="readingOrder {index:5;} abbrev {offset:8; length:10;}">
                <Coords points="269,931 468,939 526,950 712,961 791,979 1062,950 1151,980 1484,945 1754,974 1746,853 1358,860 1233,847 887,870 449,831 269,868"/>
                <Baseline points="280,926 310,922 340,922 370,924 400,928 430,928 460,930 490,930 520,928 550,930 580,932 610,932 640,932 670,932 700,934 730,934 760,934 790,936 820,934 850,934 880,936 910,936 940,936 970,938 1000,938 1030,936 1060,936 1090,934 1120,934 1150,932 1180,928 1210,926 1240,924 1270,922 1300,920 1330,920 1360,920 1390,920 1420,920 1450,920 1480,920 1510,920 1540,920 1570,920 1600,920 1630,920 1660,922 1690,924 1720,930 1728,932"/>
                <TextEquiv>
                    <Unicode>muetter hochstSeel. angedendencks. Wann Sie Ia villeicht</Unicode>
                </TextEquiv>
            </TextLine>
            <TextLine id="r_tl_7" custom="readingOrder {index:6;} split_word {offset:42; length:3;}">
                <Coords points="289,1080 438,1074 506,1108 701,1034 824,1088 1119,1055 1773,1061 1760,962 1598,937 1151,982 1045,937 933,987 609,960 466,943 287,973"/>
                <Baseline points="298,1030 328,1026 358,1028 388,1030 418,1032 448,1030 478,1028 508,1030 538,1030 568,1030 598,1030 628,1030 658,1028 688,1030 718,1030 748,1028 778,1028 808,1026 838,1026 868,1026 898,1026 928,1028 958,1028 988,1030 1018,1030 1048,1030 1078,1032 1108,1032 1138,1034 1168,1036 1198,1036 1228,1038 1258,1040 1288,1038 1318,1038 1348,1038 1378,1038 1408,1038 1438,1040 1468,1042 1498,1036 1528,1038 1558,1040 1588,1040 1618,1044 1648,1044 1678,1044 1708,1044 1738,1046 1748,1046"/>
                <TextEquiv>
                    <Unicode>noch zur guarda mayor Ein señora de honor Ein</Unicode>
                </TextEquiv>
            </TextLine>
            <TextLine id="r_tl_8" custom="readingOrder {index:7;} split_word {offset:0; length:6;}">
                <Coords points="271,1166 622,1176 682,1189 1112,1190 1505,1168 1789,1166 1789,1082 1321,1076 837,1082 714,1068 505,1110 405,1066 271,1093"/>
                <Baseline points="282,1150 292,1148 322,1146 352,1146 382,1146 412,1146 442,1146 472,1144 502,1146 532,1148 562,1150 592,1150 620,1148 652,1150 682,1148 712,1148 742,1148 772,1146 802,1144 832,1146 862,1146 892,1150 922,1152 952,1154 982,1152 1012,1150 1042,1148 1072,1146 1102,1144 1132,1144 1162,1144 1192,1146 1222,1150 1252,1146 1282,1148 1312,1146 1342,1146 1372,1144 1402,1140 1432,1140 1462,1140 1492,1138 1522,1138 1552,1138 1582,1138 1612,1142 1642,1142 1672,1142 1702,1142 1732,1142 1762,1142 1792,1142"/>
                <TextEquiv>
                    <Unicode>fliken woldten, köndte Ich Es auch geschehen laßen. Waß</Unicode>
                </TextEquiv>
            </TextLine>
            <TextLine id="r_tl_9" custom="readingOrder {index:8;} cipher {offset:4; length:35;decryption:beichtvater;}">
                <Coords points="271,1261 998,1308 1266,1308 1529,1296 1797,1309 1804,1229 1353,1194 879,1250 803,1228 659,1216 269,1178"/>
                <Baseline points="282,1250 312,1252 342,1252 372,1252 402,1252 432,1252 462,1254 492,1254 522,1258 552,1260 582,1262 612,1262 642,1264 672,1266 702,1266 732,1268 762,1268 792,1270 822,1272 852,1274 882,1278 912,1280 942,1280 972,1282 1002,1282 1032,1280 1062,1280 1092,1278 1122,1276 1152,1276 1182,1276 1212,1274 1242,1272 1272,1274 1302,1274 1332,1274 1362,1276 1392,1274 1422,1276 1452,1280 1482,1282 1512,1282 1542,1282 1572,1282 1602,1282 1632,1284 1662,1286 1692,1288 1722,1290 1752,1294 1782,1296 1810,1300"/>
                <TextEquiv>
                    <Unicode>den 21 12 13 42 31 41 44 11 41 12 24 06 anlangt, meine Ich auch, Soldte</Unicode>
                </TextEquiv>
            </TextLine>
            <TextLine id="r_tl_10" custom="readingOrder {index:9;} textStyle {offset:25; length:1;strikethrough}">
                <Coords points="296,1391 390,1370 517,1390 752,1385 1195,1385 1316,1377 1486,1398 1697,1393 1831,1421 1823,1309 1714,1294 1328,1282 899,1308 816,1296 296,1284"/>
                <Baseline points="306,1364 336,1362 366,1362 396,1362 426,1362 456,1362 486,1362 516,1364 546,1364 576,1364 606,1364 636,1366 666,1366 696,1366 726,1364 756,1364 786,1366 816,1368 846,1368 876,1370 906,1368 936,1366 966,1366 996,1364 1026,1362 1056,1362 1086,1360 1116,1360 1146,1358 1176,1358 1206,1358 1236,1358 1266,1358 1296,1358 1326,1360 1356,1360 1386,1362 1416,1364 1446,1366 1476,1366 1506,1368 1536,1370 1566,1370 1596,1370 1626,1374 1656,1374 1686,1378 1716,1378 1746,1380 1776,1384 1806,1390 1826,1394"/>
                <TextEquiv>
                    <Unicode>Ihr weitter nix moniren, Sweilen Es doch nitt Kundte Erhaldten werden,</Unicode>
                </TextEquiv>
            </TextLine>
            <TextLine id="r_tl_11" custom="readingOrder {index:10;}">
                <Coords points="264,1472 602,1512 994,1517 1184,1507 1777,1518 1776,1437 1525,1407 1443,1453 1417,1415 964,1408 789,1406 279,1397"/>
                <Baseline points="274,1462 304,1464 334,1462 364,1460 394,1462 424,1462 454,1462 484,1464 514,1466 544,1468 574,1470 604,1472 634,1474 664,1476 694,1478 724,1478 754,1480 784,1482 814,1484 844,1484 874,1486 904,1486 934,1484 964,1484 994,1486 1024,1484 1054,1482 1084,1482 1114,1482 1144,1482 1174,1482 1204,1480 1234,1482 1264,1480 1294,1482 1324,1482 1354,1482 1384,1482 1414,1482 1444,1482 1474,1484 1504,1488 1534,1490 1564,1494 1594,1496 1624,1500 1654,1502 1684,1506 1714,1508 1744,1508 1774,1508 1782,1510"/>
                <TextEquiv>
                    <Unicode>Sondern allein dahin drachten, daß Ein Solches subiectum dise</Unicode>
                </TextEquiv>
            </TextLine>
            <TextLine id="r_tl_12" custom="readingOrder {index:11;}">
                <Coords points="269,1595 1760,1619 1758,1552 1686,1518 1144,1521 759,1510 270,1510"/>
                <Baseline points="306,1576 336,1574 366,1574 396,1576 426,1578 456,1580 486,1582 516,1584 546,1584 576,1584 606,1586 636,1586 666,1588 696,1588 726,1588 756,1590 786,1590 816,1590 846,1590 876,1590 906,1590 936,1590 966,1588 996,1586 1026,1586 1056,1586 1086,1584 1116,1582 1146,1582 1176,1582 1206,1582 1236,1584 1266,1586 1296,1586 1326,1586 1356,1588 1386,1590 1416,1590 1446,1592 1476,1592 1506,1594 1536,1594 1566,1596 1596,1598 1626,1602 1656,1602 1686,1606 1716,1608 1746,1612 1764,1614"/>
                <TextEquiv>
                    <Unicode>Stelle exerciren besteldt werde, So von allen capacitat, moderation</Unicode>
                </TextEquiv>
            </TextLine>
            <TextLine id="r_tl_13" custom="readingOrder {index:12;} cipher {offset:46; length:23;decryption:in\u0020polit;}">
                <Coords points="279,1686 532,1727 742,1690 817,1718 921,1703 1236,1719 1826,1774 1822,1674 1544,1659 1437,1625 1143,1608 275,1590"/>
                <Baseline points="290,1668 320,1670 350,1674 380,1674 410,1678 440,1680 470,1682 500,1682 530,1684 560,1684 590,1684 620,1682 650,1682 680,1684 710,1684 740,1686 770,1688 800,1690 830,1690 860,1692 890,1692 920,1694 950,1694 980,1692 1010,1692 1040,1690 1070,1688 1100,1688 1130,1686 1160,1686 1190,1686 1220,1688 1250,1688 1280,1688 1310,1690 1340,1694 1370,1694 1400,1696 1430,1700 1460,1702 1490,1704 1520,1712 1550,1712 1580,1718 1610,1722 1640,1728 1670,1736 1700,1742 1730,1748 1760,1752 1790,1756 1816,1760"/>
                <TextEquiv>
                    <Unicode>vnd also beschaffen, daß Es nit Vill Imbrogli 13 43 21 14 23 13 41 06</Unicode>
                </TextEquiv>
            </TextLine>
            <TextLine id="r_tl_14" custom="readingOrder {index:13;} cipher {offset:0; length:13;decryption:icis;}">
                <Coords points="285,1783 686,1849 837,1808 1005,1852 1197,1831 1756,1858 1779,1791 1295,1726 618,1746 419,1716 283,1734"/>
                <Baseline points="296,1766 326,1766 356,1770 386,1772 416,1776 446,1778 476,1782 506,1784 536,1786 566,1786 596,1786 626,1788 656,1790 686,1792 716,1794 746,1796 776,1798 806,1798 836,1800 866,1800 896,1800 926,1800 956,1802 986,1804 1016,1804 1046,1802 1076,1798 1106,1796 1136,1794 1166,1796 1196,1798 1226,1800 1256,1798 1286,1798 1316,1800 1346,1802 1376,1802 1406,1806 1436,1808 1466,1810 1496,1814 1526,1816 1556,1820 1586,1822 1616,1826 1646,1830 1676,1834 1706,1838 1736,1842 1766,1848 1786,1852"/>
                <TextEquiv>
                    <Unicode>13 42 13 43 9 mache, Sondern Sich mitt Jederman comportire.</Unicode>
                </TextEquiv>
            </TextLine>
            <TextLine id="r_tl_15" custom="readingOrder {index:14;} corrected {offset:20; length:1;} cipher {offset:55; length:14;decryption:das;}">
                <Coords points="279,1925 370,1938 571,1938 851,1942 900,1967 1455,1981 1817,2017 1807,1905 1672,1871 1393,1884 1154,1856 1021,1861 841,1844 756,1863 277,1821"/>
                <Baseline points="290,1894 320,1894 350,1896 380,1898 410,1898 440,1900 470,1904 500,1906 530,1908 560,1912 590,1914 620,1914 650,1914 680,1916 710,1916 740,1916 770,1916 800,1916 830,1918 860,1918 890,1918 920,1920 950,1922 980,1922 1010,1924 1040,1924 1070,1924 1100,1924 1130,1926 1160,1928 1190,1928 1220,1930 1250,1930 1280,1930 1310,1932 1340,1934 1370,1936 1400,1938 1430,1940 1460,1942 1490,1944 1520,1946 1550,1948 1580,1950 1610,1954 1640,1956 1670,1962 1700,1970 1730,1978 1760,1986 1790,1992 1802,1992"/>
                <TextEquiv>
                    <Unicode>Nebsten disen gehet mir Ie langer Ie mehr zur gemuette 60 41 11 34 70</Unicode>
                </TextEquiv>
            </TextLine>
            <TextLine id="r_tl_16" custom="readingOrder {index:15;} cipher {offset:0; length:104;decryption:das\u0020dek\u0020konig\u0020alleweil\u0020mehr\u0020abne;}">
                <Coords points="291,2041 392,2032 1128,2116 1223,2113 1442,2119 1787,2154 1791,2062 1385,2015 905,1985 285,1969"/>
                <Baseline points="298,2002 328,2006 358,2006 388,2010 418,2012 448,2016 478,2020 508,2026 538,2028 568,2032 598,2034 628,2036 658,2040 688,2044 718,2046 748,2050 778,2052 808,2052 838,2054 868,2054 898,2054 928,2058 958,2060 988,2064 1018,2068 1048,2070 1078,2074 1108,2076 1138,2078 1168,2078 1198,2078 1228,2080 1258,2082 1288,2082 1318,2084 1348,2086 1378,2088 1408,2090 1438,2090 1468,2094 1498,2098 1528,2100 1558,2106 1588,2112 1618,2114 1648,2116 1678,2122 1708,2126 1738,2130 1768,2136 1798,2140 1804,2142"/>
                <TextEquiv>
                    <Unicode>41 12 42 0 42 14 43 13 32 06 11 / 23 / 23 / 12 / 21 / 12 / 13 / 23 / 06 33 12 31 24 69 11 / 21 / 43 / 12</Unicode>
                </TextEquiv>
            </TextLine>
            <TextLine id="r_tl_17" custom="readingOrder {index:16;} cipher {offset:0; length:87;decryption:me\u0020und\u0020sehr\u0020zu\u0020boden\u0020gehe;} corrected {offset:73; length:1;}">
                <Coords points="291,2116 1708,2255 1715,2163 1061,2119 800,2091 564,2069 395,2043 287,2076"/>
                <Baseline points="300,2102 330,2102 360,2102 390,2106 420,2108 450,2110 480,2112 510,2118 540,2122 570,2126 600,2130 630,2132 660,2134 690,2134 720,2140 750,2140 780,2142 810,2144 840,2146 870,2150 900,2152 930,2156 960,2158 990,2160 1020,2162 1050,2166 1080,2168 1110,2170 1140,2172 1170,2172 1200,2176 1230,2176 1260,2178 1290,2182 1320,2182 1350,2188 1380,2190 1410,2194 1440,2198 1470,2202 1500,2206 1530,2210 1560,2212 1590,2218 1620,2220 1650,2222 1680,2226 1700,2232"/>
                <TextEquiv>
                    <Unicode>33 / 12 / 056 / 44 / 43 / 41 0 34 / 12 31 24 0 42 44 7 21 14 41 12 44 65 32 12 31 12 67</Unicode>
                </TextEquiv>
            </TextLine>
            <TextLine id="r_tl_18" custom="readingOrder {index:17;} cipher {offset:21; length:64;decryption:das\u0020portugesische\u0020wesen;} corrected {offset:51; length:1;}">
                <Coords points="298,2188 568,2203 1301,2315 1560,2335 1795,2378 1820,2277 1563,2230 389,2116 291,2116"/>
                <Baseline points="308,2178 338,2178 368,2178 398,2180 428,2180 458,2182 488,2184 518,2186 548,2186 578,2188 608,2192 638,2196 668,2198 698,2202 728,2206 758,2212 788,2216 818,2220 848,2222 878,2226 908,2230 938,2234 968,2238 998,2240 1028,2246 1058,2246 1088,2250 1118,2254 1148,2254 1178,2258 1208,2262 1238,2268 1268,2272 1298,2276 1328,2280 1358,2282 1388,2286 1418,2292 1448,2294 1478,2298 1508,2300 1538,2304 1568,2308 1598,2312 1628,2316 1658,2324 1688,2332 1718,2338 1748,2346 1778,2362 1798,2364"/>
                <TextEquiv>
                    <Unicode>und soldte villeicht 41 11 34 21 14 24 41 44 32 12 34 13 34 42 31 12 6 21 12 34 12 43</Unicode>
                </TextEquiv>
            </TextLine>
            <TextLine id="r_tl_19" custom="readingOrder {index:18;} cipher {offset:0; length:106;decryption:doch\u0020sein\u0020wann\u0020ein\u0020fall\u0020mit\u0020dem;}">
                <Coords points="283,2265 1320,2424 1781,2466 1817,2376 1649,2402 1559,2351 1153,2290 877,2264 751,2233 514,2216 279,2203"/>
                <Baseline points="294,2254 324,2252 354,2256 384,2260 414,2264 444,2266 474,2270 504,2272 534,2274 564,2278 594,2280 624,2284 654,2286 684,2290 714,2294 744,2298 774,2302 804,2306 834,2310 864,2316 894,2318 924,2324 954,2330 984,2332 1014,2336 1044,2340 1074,2344 1104,2346 1134,2350 1164,2352 1194,2358 1224,2364 1254,2368 1284,2374 1314,2378 1344,2382 1374,2386 1404,2390 1434,2394 1464,2398 1494,2400 1524,2406 1554,2412 1584,2414 1614,2418 1644,2422 1674,2428 1704,2430 1734,2432 1758,2432"/>
                <TextEquiv>
                    <Unicode>41 14 42 31 06 34 12 13 43 06 21 11 43 43 057 12 13 43 6 21 11 23 23 09 3 / 3 / 1 / 3 / 4 / 1 6 41 12 33 6</Unicode>
                </TextEquiv>
            </TextLine>
            <TextLine id="r_tl_20" custom="readingOrder {index:19;} cipher {offset:0; length:62;decryption:konig\u0020beschehete;} corrected {offset:12; length:1;} gap {offset:17; length:0;} corrected {offset:30; length:1;}">
                <Coords points="302,2399 555,2439 681,2496 810,2480 904,2490 1227,2535 1378,2523 1716,2496 1728,2439 1573,2426 941,2392 764,2357 598,2358 472,2326 294,2318"/>
                <Baseline points="308,2372 338,2376 368,2380 398,2384 428,2388 458,2396 488,2398 518,2402 548,2408 578,2414 608,2420 638,2426 668,2428 698,2436 728,2438 758,2438 788,2436 818,2440 848,2444 878,2446 908,2452 938,2460 968,2468 998,2472 1028,2476 1058,2476 1088,2476 1118,2480 1148,2482 1178,2484 1208,2486 1238,2490 1268,2492 1298,2492 1328,2488 1358,2486 1388,2482 1418,2482 1448,2482 1478,2484 1508,2484 1538,2480 1568,2478 1598,2478 1628,2478 1658,2478 1688,2480 1706,2480"/>
                <TextEquiv>
                    <Unicode>42 14 43 13 32 67 23 12 34 42 31 12 31 12 41 12 067 Waß daraus</Unicode>
                </TextEquiv>
            </TextLine>
            <TextEquiv>
                <Unicode></Unicode>
            </TextEquiv>
        </TextRegion>
    </Page>
</PcGts>
