1944 2592
298 217 1628 396 Lieber Pötting, Eur relation Von 6. 9b. Ist Zwar Zue
336 343 1694 497 recht, aber Vmb etliche tage Zu spatt Eingeloffen, daher ich
357 449 1642 588 Erst Iezo schreibe. vnd Iust dise wochen geht es Eben
357 535 1710 665 also Zue, dann die post hett schon Vorgestern ankomen
332 637 1724 757 Sollen, also hette Imer heütt geandtwordt, weillen Es aber
345 718 1744 876 Er Vbermorgen Einlauffen wirdt, So kann Ich nitt
353 822 1770 978 andtwordten alß Von heütt Vber 14 tagen. Ich maine,
350 946 1633 1070 Es Seye Nur daß schlimme wetter daran Vrsach
271 1053 1679 1198 Sonsten Sein wir alle wol auf vnd ganz nix neues also
1593 1036 1755 1128 als
329 1134 1702 1282 dann den 20. Ein Comet gesehen worden. DEVS Mala
346 1242 1728 1384 avertat omina. himitt winsche Ich Euch glickhseligen
303 1328 1719 1453 feirtag vnd Ein guettes Neues Ihar vnd Verbleibe Euch
293 1423 1193 1581 Mit Kay. genaden wol gwogen.
1254 1408 1704 1534 Wienn, den 24. xb.
1600 1507 1744 1605 1664
298 1537 666 1694 Leopoldt
324 1772 1734 1925 treibt BN, daß doch Einmal Ein Ende Mitt AE abraiß
346 1911 1373 2044 gemacht werde, dann Hinc salus nostra.
