1944 2592
364 200 1811 351 durch dises wurde Vnser hauß Interssesse recht fest gezt. Non nocebit,
338 290 1510 386 si data bona occasion Ihr Etwaß davon tochirdt
1263 278 1507 353 tochieren,
1506 313 1817 432 si vobis Ita
305 370 1794 544 viDebitur. hiebey weillen In Vnser Ziffer off nomina principum
324 466 1832 653 ut et alia Einkomben, also habe Ich diß beyligende nota auf
309 610 568 701 gezet gez
359 576 534 650 geSezt,
577 573 1739 702 die Zeitt Zu winn vnd die wordter zu sparen. Ist nur
315 671 1799 837 dabey zu merkhen, daß Es alles muessen Maiuskulae. Causa
311 779 1811 946 est, weillen Sein Kundte, daß mann Sich der Kleinen buech
317 870 1831 1036 Staben In der Ziffer Selbst bedinen mochten. Fallen Euch Villeicht
298 958 1821 1098 noch Etliche nothwenidige wordte Ein, So Köndt Ihr mir Selbe
271 1018 1806 1204 zuschikhen vnd Von DA anheben. Weilln auch ohne
269 1117 1823 1318 Zweiffel der Fürst Von portia Euch In allen disen materis
286 1223 1815 1403 ausfurlich schreiben wirdt, also thue Ich mich In allen darauf
292 1310 1795 1464 beziehen vnd Verbleibe Euch Mitt bestendigen Key. hulden
265 1433 1166 1583 vnd genaden alzeitt wol gwogen
220 1504 639 1713 Leopoldt
1255 1437 1829 1582 Eberstorff, den Ersten
1523 1545 1825 1677 8b. 1664
