1944 2592
391 228 1788 408 durch niemandt abwendig lassen machen. Ich meine auch, absonder-
393 309 1789 473 lich sollet Ihr ales dem Penneranda reccomendiren, dann ob wolen
400 364 1772 534 Ich besorge, Er habe nit die böste Intentiones In hoc negotio, So
402 456 1779 598 muß mann noch auch, wie man Sagt, den teüffel Ein Kerzen
393 503 1767 659 anzinden vnd auf daß wenigste schawen, ne noceat. Soldte Ihr
401 585 1805 768 auch meinem der Inquisidor general, des Konigs Beichtvatter
389 659 1784 816 Vnd Son, Et Obispo de Malaga, beede dominicaner, Kundten
382 711 1051 826 hirzue auch Cooperiren
1021 719 1199 770 Köndten,
1077 747 1752 848 So woldte Ihr Selbe auch vmb
386 793 1718 932 cooperation ansuechen, Vt omnia media tentemus.
268 209 395 1372 waß Ihr auch Von gedachten ministri vor Ein andtwordt
236 284 356 1410 beKombt, daß woldt Ihr alles außfuerlich anheren,
198 279 303 1441 auch fast die formalia anzeigen, So Sie gegen Euch
181 304 252 1376 gemeldt haben, vt Ipsorum Intentio cognoscatur.
310 882 1818 1025 4o Meine Ich, soldte Ihr auf daß dringen, daß alle praeventiones
361 953 1810 1088 auf einmal besteldt werden. dan Wann heütt der Weldtliche
361 1030 1788 1164 Conduttor benandt, vber 3 monath die galern armirdt, So
354 1124 1763 1234 dann Erst der hoffstadt besteldt, So gehe tag vnd Ihar wekh, Ehe
359 1208 1766 1307 man Sich umbsiht, daher Ihr dahin zu trachten hatt, daß alle
341 1250 1725 1377 praeventiones coniunctim vorgenomen werden sollen. Hirbey
379 1331 1775 1450 köndte Ir repraesendiren, daß Ich auch praeventiones machen mueßte,
363 1431 1713 1516 wann nun Solche mit deme, daß Ich mich auf den praefigirdten
384 1489 1750 1589 terminum verliesse, soldte zurukhgehen, So wurde Zeitt, spesa vnd
388 1563 1109 1632 alles verloren werdten.
291 1528 397 2538 wegen der praeventionen woldt Ihr auch alzeitt
230 1540 333 2511 fleissig berichten, waß daran gemacht worden vnd
208 1547 287 2326 ob Etwaß oder nix gemacht worden.
1065 1567 1792 1680 Waß nun 5o die bestellung
382 1619 1749 1726 der hoffstadt Vor die Infandtin anlangt, meine Ich, Es Solle
379 1695 1742 1807 bey dem aufsazt bleiben, welchen Ihr sub dato 14. Augusti, So mir
383 1755 1751 1870 recht Ist, EingeschiKt hatt. allein wurde Ich nit ungern haben, wann
417 1815 1678 1935 noch Ein alde kame, daß also di Camarera mayor, Ein
406 1884 1735 2012 guarda mayor vnd Ein doña o dama de honor. bey disem
427 1952 1708 2070 punct habe Ich nur dises erindern wollen, daß Ir dahin wol
424 2022 1738 2144 schawet, daß waß die señoras vnd damas anlangt, Es alle Von
418 2086 1721 2222 guetten heisern vnd wie Sie Sagen de Gangre limpia Sein,
416 2160 1767 2270 dann Sonsten wurde Es mitt Vnsern heraussigen Frauzimer
450 2204 1718 2335 alle weil anstoß haben, wie Ihr Euch leicht Selbst wirt
424 2289 1753 2392 Komen bekandt Sein. 6o meine Ich wol werde die schikung
411 2340 1720 2465 der joyas merkhlich diße raiß befördern. habe also resolviert,
422 2398 1672 2517 So baldt dieser curir Zurukh kombt vnd Ein realem, non
1543 2423 1748 2487 moralem
