<?xml version="1.0" encoding="UTF-8" standalone="yes"?>
<PcGts xmlns="http://schema.primaresearch.org/PAGE/gts/pagecontent/2013-07-15" xmlns:xsi="http://www.w3.org/2001/XMLSchema-instance" xsi:schemaLocation="http://schema.primaresearch.org/PAGE/gts/pagecontent/2013-07-15 http://schema.primaresearch.org/PAGE/gts/pagecontent/2013-07-15/pagecontent.xsd">
    <Metadata>
        <Creator>prov=READ-COOP:name=PyLaia@TranskribusPlatform:version=2.33.1:model_id=50856:lm=none:date=04_11_2025_14:45</Creator>
        <Created>2025-10-07T15:59:52.995+02:00</Created>
        <LastChange>2025-11-30T16:00:45.516+01:00</LastChange>
        <TranskribusMetadata docId="11132745" pageId="104004554" pageNr="116" tsid="263302867" status="GT" userId="14631" imgUrl="https://files.transkribus.eu/Get?fileType=view&amp;id=DGNONZVUWSAGYFVNFXTVNANM" xmlUrl="https://files.transkribus.eu/Get?id=SNPXKVULEUNIBZPJHIDHMTJS" imageId="87275044"/>
    </Metadata>
    <Page imageFilename="0116_HHStA, GK, K. 33.1, Buch 1662-1665, fol. 158r.JPG" imageWidth="1944" imageHeight="2592">
        <ReadingOrder>
            <OrderedGroup id="ro_1765532871115" caption="Regions reading order">
                <RegionRefIndexed index="0" regionRef="TextRegion_1762301156462_2343"/>
            </OrderedGroup>
        </ReadingOrder>
        <TextRegion id="TextRegion_1762301156462_2343" custom="readingOrder {index:0;}">
            <Coords points="140,138 1860,118 1852,2558 178,2561"/>
            <TextLine id="r_tl_3" custom="readingOrder {index:0;}">
                <Coords points="321,313 338,307 367,301 396,280 446,267 546,269 568,279 597,267 655,258 691,276 718,261 737,253 771,258 805,248 838,251 871,259 906,250 953,258 1034,241 1115,237 1142,268 1201,261 1259,247 1307,258 1373,255 1420,258 1520,235 1660,258 1734,250 1707,183 1651,155 1543,185 1424,144 1216,196 931,144 597,182 505,204 468,181 404,174 347,197 277,265"/>
                <Baseline points="376,270 402,260 432,256 462,254 492,252 522,254 552,254 582,254 612,252 642,250 672,248 702,248 732,246 762,244 792,242 822,238 852,236 882,234 912,234 942,234 972,232 1002,230 1032,230 1062,230 1092,230 1122,230 1152,232 1182,230 1212,234 1242,234 1272,236 1302,236 1332,234 1362,234 1392,234 1422,232 1452,232 1482,230 1512,230 1542,230 1572,232 1602,234 1632,238 1662,238 1692,240 1722,242"/>
                <TextEquiv>
                    <Unicode>Ihnen Selbst Zuespreche, wie obgemeldt Ist, dann hievon</Unicode>
                </TextEquiv>
            </TextLine>
            <TextLine id="r_tl_4" custom="readingOrder {index:1;}">
                <Coords points="312,398 341,391 385,362 490,347 631,339 669,358 733,352 829,339 903,349 942,352 968,334 1004,347 1053,329 1341,328 1409,328 1435,355 1492,344 1612,346 1628,293 1596,258 1535,255 1472,254 1373,270 1306,264 1225,264 1145,277 1116,253 1097,248 1050,255 967,274 899,256 868,259 833,252 803,263 719,267 642,292 552,293 463,281 401,281 376,297 361,298 309,314 268,356"/>
                <Baseline points="342,358 356,354 386,348 416,342 446,338 476,334 506,332 536,330 566,330 596,328 626,326 656,326 686,326 716,328 746,326 776,324 806,322 836,322 866,322 896,318 926,318 956,318 986,318 1016,318 1046,318 1076,318 1106,316 1136,316 1166,316 1196,316 1226,316 1256,316 1286,316 1316,318 1346,316 1376,316 1406,318 1436,318 1466,318 1496,318 1526,318 1556,318 1586,320"/>
                <TextEquiv>
                    <Unicode>Ich mein maiste hoffnung habe. vnd weillen Ich wol</Unicode>
                </TextEquiv>
            </TextLine>
            <TextLine id="r_tl_5" custom="readingOrder {index:2;} textStyle {offset:24; length:2;strikethrough} corrected {offset:27; length:5;}">
                <Coords points="300,481 329,477 357,450 422,465 458,441 642,428 793,438 1082,427 1194,435 1349,422 1424,452 1509,458 1576,428 1704,441 1726,423 1730,393 1678,363 1595,353 1504,357 1439,358 1420,337 1385,337 1062,353 964,348 893,354 871,357 832,349 790,356 712,355 670,368 621,347 456,356 389,373 299,415"/>
                <Baseline points="312,436 328,434 358,436 388,434 418,432 448,430 478,428 508,426 538,422 568,418 598,418 628,416 658,416 688,416 718,416 748,418 778,416 808,418 838,418 868,416 898,414 928,414 958,412 988,412 1018,412 1048,410 1078,410 1108,410 1138,410 1168,408 1198,408 1228,408 1258,408 1288,410 1318,410 1348,410 1378,412 1408,410 1438,412 1468,414 1498,412 1528,416 1558,416 1588,416 1618,418 1648,420 1678,422 1708,426"/>
                <TextEquiv>
                    <Unicode>gesichterdt bin, daß Ir Es alles diß aufs Euffrigist werdten</Unicode>
                </TextEquiv>
            </TextLine>
            <TextLine id="r_tl_6" custom="readingOrder {index:3;}">
                <Coords points="302,575 387,563 423,537 470,539 525,542 563,525 635,522 668,560 723,547 757,569 815,518 1026,516 1079,526 1178,517 1288,521 1352,512 1396,520 1464,514 1542,527 1620,515 1704,541 1724,449 1576,426 1510,461 1423,452 1349,423 1183,438 1087,454 952,449 874,456 686,462 576,442 452,453 416,469 368,455 358,462 288,518"/>
                <Baseline points="312,546 332,536 362,534 392,534 422,530 452,526 482,524 512,520 542,518 572,516 602,512 632,510 662,508 692,510 722,508 752,508 782,510 812,510 842,510 872,510 902,508 932,506 962,504 992,504 1022,504 1052,502 1082,502 1112,500 1142,498 1172,498 1202,496 1232,494 1262,494 1292,494 1322,494 1352,496 1382,494 1412,496 1442,496 1472,496 1502,496 1532,498 1562,498 1592,500 1622,500 1652,504 1682,504"/>
                <TextEquiv>
                    <Unicode>Euch lassen angelegen Sein, alß beziehe mich auff diß, So</Unicode>
                </TextEquiv>
            </TextLine>
            <TextLine id="r_tl_7" custom="readingOrder {index:4;}">
                <Coords points="317,654 414,631 604,627 673,612 760,634 801,623 825,637 865,618 862,633 898,633 915,615 955,608 1015,620 1060,610 1168,620 1246,607 1265,616 1373,595 1476,611 1598,616 1695,601 1681,548 1631,526 1523,540 1455,526 1400,528 1354,516 1286,551 1302,524 1251,522 1173,525 1055,538 978,565 887,546 812,523 756,569 695,551 667,573 655,551 634,547 600,572 546,565 495,552 414,555 359,581 270,617"/>
                <Baseline points="328,634 334,634 364,632 394,626 424,624 454,620 484,618 514,616 544,614 574,610 604,608 634,608 664,606 694,606 724,604 754,606 784,606 814,606 844,606 874,606 904,602 934,602 964,600 994,596 1024,596 1054,596 1084,596 1114,594 1144,592 1174,594 1204,594 1234,590 1264,590 1294,588 1324,588 1354,586 1384,586 1414,586 1444,586 1474,586 1504,588 1534,586 1564,588 1594,590 1624,592 1654,592"/>
                <TextEquiv>
                    <Unicode>So wol auß der Canzley als Von Fürsten Von portia</Unicode>
                </TextEquiv>
            </TextLine>
            <TextLine id="r_tl_8" custom="readingOrder {index:5;}">
                <Coords points="335,776 392,794 420,784 445,748 454,762 445,789 460,788 497,769 533,776 577,751 665,734 739,724 812,712 915,708 1012,696 1091,716 1140,700 1187,717 1355,695 1472,709 1609,712 1689,743 1770,717 1770,672 1707,637 1588,629 1461,621 1368,618 1241,619 1073,631 1002,627 929,611 905,626 896,637 875,629 859,656 817,647 745,663 714,635 621,627 581,674 487,687 443,650 407,631 371,679 312,726"/>
                <Baseline points="354,748 376,746 406,742 436,738 466,734 496,728 526,724 556,722 586,720 616,716 646,712 676,708 706,702 736,702 766,700 796,698 826,696 856,694 886,692 946,692 976,688 1006,688 1036,686 1066,684 1096,684 1126,684 1156,684 1186,686 1216,686 1246,686 1276,686 1306,688 1336,686 1366,684 1396,684 1426,684 1456,684 1486,686 1516,686 1546,688 1576,692 1606,694 1636,700 1666,702 1696,704 1726,706 1756,704"/>
                <TextEquiv>
                    <Unicode>Euch geschriben wirdt. biß alhero habe disn brif Zu Eberstorff</Unicode>
                </TextEquiv>
            </TextLine>
            <TextLine id="r_tl_9" custom="readingOrder {index:6;} add {offset:0; length:3;}">
                <Coords points="172,805 214,810 223,800 269,795 278,796 290,798 288,809 246,864 281,872 335,780 323,746 304,743 237,739 191,756"/>
                <Baseline points="214,794 232,790 262,786 292,782 322,782"/>
                <TextEquiv>
                    <Unicode>ohngfer Vor</Unicode>
                </TextEquiv>
            </TextLine>
            <TextLine id="r_tl_11" custom="readingOrder {index:7;}">
                <Coords points="172,808 190,846 224,858 279,822 291,799 244,796 213,808 213,786 203,783"/>
                <Baseline points="184,831 215,821 244,820 274,814"/>
                <TextEquiv>
                    <Unicode>3 tagen</Unicode>
                </TextEquiv>
            </TextLine>
            <TextLine id="r_tl_10" custom="readingOrder {index:8;}">
                <Coords points="310,866 339,859 427,834 573,823 621,831 760,798 949,801 1208,806 1250,825 1326,804 1641,820 1701,810 1739,757 1643,734 1552,722 1380,717 1251,714 1109,723 915,715 740,731 574,751 514,779 480,769 461,787 445,793 454,765 443,755 435,766 405,798 371,794 343,792 313,814"/>
                <Baseline points="322,828 326,830 356,826 386,824 416,824 446,822 476,818 506,816 536,812 566,810 596,806 626,806 656,802 686,798 716,794 746,790 776,788 806,788 836,786 866,786 896,786 926,786 956,786 986,784 1016,784 1046,784 1076,782 1106,782 1136,782 1166,782 1196,784 1226,786 1256,786 1286,786 1316,786 1346,786 1376,784 1406,786 1436,784 1466,784 1496,786 1526,786 1556,788 1586,786 1616,786 1646,788 1676,788 1706,788"/>
                <TextEquiv>
                    <Unicode>geschriben, Es ist aber So Ein vbles wetter Eingefallen, daß Ich mich</Unicode>
                </TextEquiv>
            </TextLine>
            <TextLine id="r_tl_12" custom="readingOrder {index:9;}">
                <Coords points="294,960 358,927 401,917 445,930 519,915 588,925 608,913 755,904 761,931 779,934 828,902 1008,914 1100,901 1147,910 1410,907 1482,920 1528,913 1649,912 1706,887 1710,834 1523,822 1334,814 1254,834 1193,812 971,851 879,826 738,820 566,846 516,829 425,834 336,858 275,909"/>
                <Baseline points="304,914 316,914 346,912 376,910 406,908 436,908 466,908 496,908 526,908 556,906 586,904 616,902 646,902 676,898 706,896 736,894 766,894 796,896 826,896 856,894 886,896 916,896 946,894 976,894 1006,894 1036,896 1066,894 1096,892 1126,890 1156,892 1186,890 1216,890 1246,890 1276,892 1306,892 1336,892 1366,892 1396,892 1426,892 1456,892 1486,892 1516,892 1546,892 1576,892 1606,890 1636,890 1666,892"/>
                <TextEquiv>
                    <Unicode>herain In die Statt begeben muessen. Thue also Euch Zufolg des</Unicode>
                </TextEquiv>
            </TextLine>
            <TextLine id="r_tl_13" custom="readingOrder {index:10;} abbrev {offset:8; length:8;}">
                <Coords points="310,989 380,992 415,1008 463,993 495,1004 547,1002 650,977 714,985 737,1018 766,1001 794,978 900,975 982,978 1118,984 1189,981 1289,973 1417,971 1482,969 1592,986 1646,988 1721,993 1730,956 1687,925 1582,906 1495,922 1459,912 1167,911 1102,901 963,913 806,920 765,939 758,917 742,907 610,915 574,933 497,925 431,936 370,925 334,943 283,973"/>
                <Baseline points="320,982 350,972 380,972 410,970 440,970 470,970 500,972 530,972 560,972 590,970 620,968 650,966 680,966 710,964 740,962 770,962 800,962 830,964 860,966 890,964 920,966 950,968 980,968 1010,966 1040,964 1070,962 1100,964 1130,964 1160,964 1190,964 1220,964 1250,962 1280,962 1310,962 1340,964 1370,964 1400,964 1430,962 1460,964 1490,964 1520,964 1550,964 1580,966 1610,970 1640,972 1670,976 1700,980 1712,982"/>
                <TextEquiv>
                    <Unicode>Voriges gnädigst nit bergen, daß Ich schon Resolvirdt den Cavaglier,</Unicode>
                </TextEquiv>
            </TextLine>
            <TextLine id="r_tl_14" custom="readingOrder {index:11;} unclear {offset:47; length:3;}">
                <Coords points="278,1066 458,1050 464,1083 495,1062 513,1084 541,1080 555,1051 792,1051 808,1077 827,1085 877,1049 972,1048 1077,1051 1224,1049 1260,1061 1340,1045 1414,1049 1456,1061 1479,1046 1570,1051 1588,1067 1626,1056 1707,1063 1795,1087 1803,1055 1801,1017 1742,1004 1710,983 1641,978 1583,984 1543,971 1469,968 1354,975 1226,984 1075,994 795,979 737,1025 707,990 664,979 598,998 496,1005 459,999 415,1008 368,993 315,1005 252,1038"/>
                <Baseline points="298,1052 328,1052 358,1050 388,1046 418,1044 448,1042 478,1042 508,1042 538,1044 568,1042 598,1042 628,1042 658,1042 688,1040 718,1040 748,1040 778,1038 808,1038 838,1040 868,1040 898,1038 928,1038 958,1038 988,1036 1018,1036 1048,1034 1078,1032 1108,1034 1138,1034 1168,1034 1198,1034 1228,1034 1258,1034 1288,1034 1318,1036 1348,1036 1378,1036 1408,1034 1438,1036 1468,1036 1498,1036 1528,1036 1558,1038 1588,1040 1618,1044 1648,1044 1678,1048 1708,1050 1738,1056 1768,1060 1788,1063"/>
                <TextEquiv>
                    <Unicode>So die joya hinein bringen Sollen, nehmblichen den Graven Ferdinandt</Unicode>
                </TextEquiv>
            </TextLine>
            <TextLine id="r_tl_15" custom="readingOrder {index:12;}">
                <Coords points="270,1135 469,1120 500,1119 536,1132 561,1155 587,1147 603,1124 678,1136 778,1123 904,1119 921,1137 948,1143 979,1120 1252,1129 1391,1130 1428,1127 1467,1134 1502,1127 1537,1142 1568,1129 1594,1136 1731,1135 1748,1121 1745,1078 1678,1077 1624,1057 1580,1060 1531,1057 1477,1057 1435,1066 1407,1088 1273,1079 1023,1070 965,1055 872,1050 852,1071 820,1085 797,1062 741,1063 651,1059 572,1066 523,1086 509,1074 481,1067 465,1051 424,1074 386,1076 318,1068 273,1088"/>
                <Baseline points="278,1126 308,1124 338,1122 368,1118 398,1116 428,1114 458,1112 488,1112 518,1110 548,1110 578,1110 608,1114 638,1116 668,1116 698,1118 728,1116 758,1116 788,1114 818,1114 848,1114 878,1114 908,1116 938,1116 968,1114 998,1114 1028,1114 1058,1112 1088,1110 1118,1110 1148,1110 1178,1110 1208,1112 1238,1114 1268,1114 1298,1116 1328,1118 1358,1118 1388,1118 1418,1118 1448,1118 1478,1118 1508,1118 1538,1118 1568,1120 1598,1122 1628,1124 1658,1126 1688,1130 1718,1132"/>
                <TextEquiv>
                    <Unicode>Von Harach, doch ohne Einzige coeremoni, nur alß Ein Inviato</Unicode>
                </TextEquiv>
            </TextLine>
            <TextLine id="l_2" custom="readingOrder {index:13;} textStyle {offset:41; length:5;strikethrough}">
                <Coords points="1474,1193 1164,1180 1131,1191 1107,1216 1070,1220 1042,1195 992,1187 967,1210 897,1203 849,1193 828,1218 807,1216 801,1188 692,1189 620,1199 586,1227 562,1229 560,1192 491,1189 459,1210 279,1212 281,1179 315,1158 382,1134 490,1125 527,1143 567,1157 604,1141 729,1141 792,1114 823,1148 879,1120 907,1119 929,1137 950,1144 979,1122 1038,1121 1159,1131 1242,1142 1309,1129 1361,1136 1379,1147 1426,1153 1459,1159 1474,1168"/>
                <Baseline points="290,1202 308,1198 338,1194 368,1192 398,1190 428,1188 458,1188 488,1186 518,1186 548,1186 578,1186 608,1186 638,1184 668,1184 698,1182 728,1180 758,1180 788,1178 818,1178 848,1180 878,1178 908,1178 938,1178 968,1176 998,1176 1028,1174 1058,1174 1088,1172 1118,1170 1148,1170 1178,1170 1208,1170 1238,1170 1268,1170 1298,1172 1328,1172 1358,1174 1388,1174 1418,1176 1448,1178 1474,1181"/>
                <TextEquiv>
                    <Unicode>oder Envoye, wi die Franzosen Sagen. die casus</Unicode>
                </TextEquiv>
            </TextLine>
            <TextLine id="l" custom="readingOrder {index:14;}">
                <Coords points="1381,1139 1408,1155 1454,1156 1478,1168 1522,1162 1531,1141 1511,1127 1489,1130 1467,1134 1427,1128 1405,1128"/>
                <Baseline points="1404,1147 1421,1148 1463,1153 1476,1158 1500,1159"/>
                <TextEquiv>
                    <Unicode>causae</Unicode>
                </TextEquiv>
            </TextLine>
            <TextLine id="l_1" custom="readingOrder {index:15;}">
                <Coords points="1521,1164 1544,1137 1569,1129 1615,1141 1652,1143 1690,1132 1718,1138 1766,1132 1796,1186 1782,1207 1611,1188 1568,1197 1523,1182"/>
                <Baseline points="1538,1174 1568,1178 1598,1180 1628,1184 1658,1186 1688,1190 1718,1192 1748,1194 1778,1200"/>
                <TextEquiv>
                    <Unicode>diser election</Unicode>
                </TextEquiv>
            </TextLine>
            <TextLine id="r_tl_18" custom="readingOrder {index:16;} textStyle {offset:6; length:1;superscript} textStyle {offset:20; length:2;superscript}">
                <Coords points="304,1266 443,1281 614,1293 840,1277 941,1293 995,1293 1016,1275 1254,1269 1435,1270 1577,1271 1685,1283 1776,1293 1793,1255 1726,1217 1662,1213 1598,1200 1508,1208 1358,1195 1205,1198 1155,1183 1129,1194 1100,1221 986,1229 882,1217 818,1225 791,1195 708,1199 616,1215 552,1232 496,1211 434,1226 366,1216 320,1220 290,1243"/>
                <Baseline points="314,1264 344,1260 374,1258 404,1258 434,1260 464,1260 494,1264 524,1266 554,1266 584,1266 614,1266 644,1268 674,1266 704,1264 734,1264 764,1266 794,1266 824,1266 854,1268 884,1268 914,1268 944,1266 974,1264 1004,1264 1034,1262 1064,1262 1094,1260 1124,1260 1154,1260 1184,1258 1214,1258 1244,1258 1274,1258 1304,1258 1334,1256 1364,1256 1394,1254 1424,1254 1454,1256 1484,1256 1514,1258 1544,1260 1574,1260 1604,1262 1634,1262 1664,1264 1694,1268 1724,1270 1754,1272"/>
                <TextEquiv>
                    <Unicode>Sein 1o Sein haus, 2do respectu Des Cardinals et caeterorum</Unicode>
                </TextEquiv>
            </TextLine>
            <TextLine id="r_tl_19" custom="readingOrder {index:17;} corrected {offset:4; length:1;} textStyle {offset:17; length:1;superscript} textStyle {offset:49; length:1;superscript}">
                <Coords points="237,1357 370,1342 393,1368 435,1381 503,1349 758,1350 923,1372 1181,1357 1226,1376 1254,1378 1298,1368 1555,1363 1593,1376 1621,1365 1787,1379 1799,1351 1785,1308 1718,1316 1651,1298 1547,1279 1474,1275 1049,1285 1014,1300 716,1310 512,1295 367,1288 311,1273 244,1279"/>
                <Baseline points="254,1340 284,1340 314,1338 344,1332 374,1330 404,1330 434,1330 464,1332 494,1334 524,1334 554,1338 584,1338 614,1340 644,1340 674,1340 704,1342 734,1342 764,1344 794,1346 824,1348 854,1350 884,1352 914,1352 944,1354 974,1354 1004,1354 1034,1354 1064,1352 1094,1350 1124,1348 1154,1348 1184,1346 1214,1348 1244,1350 1274,1352 1304,1350 1334,1350 1364,1350 1394,1348 1424,1348 1454,1348 1484,1350 1514,1350 1544,1350 1574,1352 1604,1354 1634,1358 1664,1358 1694,1362 1724,1364 1754,1366 1784,1372"/>
                <TextEquiv>
                    <Unicode>Consanguinorum, 3o daß Er darinn schon beKandt, 4o alda</Unicode>
                </TextEquiv>
            </TextLine>
            <TextLine id="r_tl_20" custom="readingOrder {index:18;} textStyle {offset:32; length:1;superscript}">
                <Coords points="287,1444 340,1452 435,1444 562,1433 603,1437 653,1447 847,1446 900,1441 918,1464 964,1452 1025,1444 1103,1433 1127,1444 1128,1464 1149,1464 1186,1435 1252,1444 1350,1442 1402,1445 1524,1446 1672,1454 1783,1444 1743,1381 1680,1374 1571,1381 1559,1366 1467,1383 1346,1374 1236,1381 1182,1367 1054,1367 968,1390 853,1375 771,1350 654,1369 433,1383 379,1362 336,1355 269,1379"/>
                <Baseline points="310,1426 340,1426 370,1426 400,1428 430,1426 460,1426 490,1424 520,1424 550,1422 580,1422 610,1422 640,1422 670,1422 700,1418 730,1418 760,1418 790,1418 820,1416 850,1418 880,1422 910,1422 940,1424 970,1426 1000,1424 1030,1424 1060,1422 1090,1422 1120,1420 1150,1420 1180,1420 1210,1422 1240,1424 1270,1428 1300,1426 1330,1426 1360,1426 1390,1426 1420,1426 1450,1426 1480,1428 1510,1428 1540,1428 1570,1428 1600,1428 1630,1428 1660,1430 1690,1432 1720,1434"/>
                <TextEquiv>
                    <Unicode>Ein dama de palaçio gehairath, 5o Von guetten mitteln,</Unicode>
                </TextEquiv>
            </TextLine>
            <TextLine id="r_tl_21" custom="readingOrder {index:19;} textStyle {offset:6; length:1;superscript}">
                <Coords points="329,1516 371,1526 420,1537 445,1518 589,1523 616,1542 632,1527 719,1526 738,1549 762,1546 789,1525 905,1528 951,1544 1005,1528 1408,1520 1461,1538 1528,1525 1655,1547 1712,1536 1783,1541 1802,1525 1799,1477 1770,1452 1636,1464 1511,1446 1410,1448 317,1458"/>
                <Baseline points="341,1504 388,1506 418,1508 448,1510 478,1510 508,1512 538,1514 568,1512 598,1512 628,1514 658,1514 688,1514 718,1512 748,1512 778,1514 808,1514 838,1514 868,1514 898,1514 928,1514 958,1512 988,1510 1018,1510 1048,1510 1078,1510 1108,1510 1138,1508 1168,1506 1198,1508 1228,1508 1258,1506 1288,1506 1318,1506 1348,1506 1378,1506 1408,1506 1438,1508 1468,1510 1498,1510 1528,1510 1558,1510 1588,1512 1618,1516 1648,1520 1678,1524 1708,1524 1738,1526 1768,1530"/>
                <TextEquiv>
                    <Unicode>auch 6o der sprach Kundtig Ist. Hoffe also, nit geirret haben.</Unicode>
                </TextEquiv>
            </TextLine>
            <TextLine id="r_tl_22" custom="readingOrder {index:20;}">
                <Coords points="317,1610 393,1605 438,1621 463,1629 490,1607 624,1608 636,1628 764,1605 936,1607 931,1633 958,1636 970,1610 1139,1606 1214,1619 1242,1609 1488,1605 1559,1642 1623,1616 1724,1612 1744,1573 1724,1547 1687,1555 1622,1558 1582,1554 1544,1544 1469,1566 1427,1548 1392,1544 1371,1565 1307,1565 1304,1536 1269,1530 1211,1561 1047,1553 986,1545 920,1548 835,1543 769,1551 736,1555 720,1533 638,1536 619,1549 593,1543 512,1538 459,1533 376,1554 318,1575"/>
                <Baseline points="328,1596 358,1594 388,1596 418,1598 448,1600 478,1602 508,1602 538,1602 568,1600 598,1600 628,1600 658,1602 688,1600 718,1600 748,1598 778,1600 808,1600 838,1600 868,1600 898,1600 928,1600 958,1600 988,1602 1018,1598 1048,1598 1078,1598 1108,1598 1138,1598 1168,1598 1198,1598 1228,1596 1258,1596 1288,1596 1318,1594 1348,1596 1378,1594 1408,1594 1438,1594 1468,1594 1498,1594 1528,1592 1558,1592 1588,1594 1618,1596 1648,1598 1678,1598 1708,1600"/>
                <TextEquiv>
                    <Unicode>mitt Ihme bin Ich willens auch meinen Camendiener den gerard</Unicode>
                </TextEquiv>
            </TextLine>
            <TextLine id="r_tl_23" custom="readingOrder {index:21;}">
                <Coords points="314,1695 422,1693 462,1737 553,1700 620,1715 730,1705 778,1712 1107,1703 1257,1705 1284,1699 1407,1701 1597,1693 1787,1708 1813,1696 1807,1647 1701,1633 1605,1632 1554,1647 1520,1631 1361,1616 1187,1626 986,1644 916,1632 920,1614 791,1610 637,1636 616,1612 493,1616 467,1643 396,1608 336,1617 248,1651"/>
                <Baseline points="324,1682 354,1680 384,1680 414,1682 444,1684 474,1688 504,1690 534,1692 564,1690 594,1690 624,1692 654,1694 684,1696 714,1692 744,1692 774,1692 804,1694 834,1694 864,1694 894,1694 924,1694 954,1694 984,1694 1014,1694 1044,1694 1074,1694 1104,1694 1134,1692 1164,1692 1194,1690 1224,1690 1254,1688 1284,1688 1314,1688 1344,1688 1374,1686 1404,1686 1434,1686 1464,1684 1494,1684 1524,1684 1554,1684 1584,1684 1614,1684 1644,1686 1674,1688 1704,1690 1734,1692 1764,1694 1794,1700"/>
                <TextEquiv>
                    <Unicode>Von schloß Zu schiKen, So des Konigs Vasall, Von Brussel</Unicode>
                </TextEquiv>
            </TextLine>
            <TextLine id="r_tl_24" custom="readingOrder {index:22;} unclear {offset:60; length:2;}">
                <Coords points="312,1804 358,1773 534,1779 527,1807 546,1812 571,1790 602,1781 747,1793 793,1803 843,1779 1024,1781 1104,1776 1120,1807 1138,1810 1173,1777 1243,1772 1285,1780 1366,1772 1389,1792 1403,1771 1485,1769 1531,1760 1552,1774 1629,1772 1701,1776 1736,1788 1763,1777 1785,1773 1801,1798 1814,1788 1814,1755 1793,1729 1711,1724 1573,1708 1419,1711 1321,1699 1291,1709 1228,1716 1097,1720 937,1727 791,1714 730,1707 621,1721 553,1701 461,1739 447,1723 431,1713 362,1725 295,1757"/>
                <Baseline points="322,1764 352,1762 382,1764 412,1766 442,1766 472,1768 502,1768 532,1768 562,1770 592,1770 622,1772 652,1774 682,1774 712,1774 742,1772 772,1772 802,1774 832,1772 862,1772 892,1772 922,1772 952,1774 982,1774 1012,1774 1042,1774 1072,1772 1102,1770 1132,1772 1162,1770 1192,1770 1252,1768 1282,1766 1312,1766 1342,1766 1372,1766 1402,1766 1432,1764 1462,1762 1492,1758 1522,1760 1552,1760 1582,1760 1612,1760 1642,1762 1672,1764 1702,1766 1732,1768 1762,1774 1792,1780"/>
                <TextEquiv>
                    <Unicode>gebürdtig vnd Ein guetter maller Ist. Zue Prob Seiner Mahlerey</Unicode>
                </TextEquiv>
            </TextLine>
            <TextLine id="r_tl_25" custom="readingOrder {index:23;} abbrev {offset:29; length:3;} split_word {offset:51; length:6; continued:true;}">
                <Coords points="264,1867 313,1877 337,1871 345,1852 471,1858 508,1873 563,1869 599,1875 657,1864 687,1850 701,1873 722,1876 750,1853 948,1852 1119,1859 1146,1849 1324,1845 1345,1855 1376,1841 1504,1839 1633,1839 1669,1848 1681,1844 1689,1837 1698,1839 1775,1854 1798,1837 1799,1797 1786,1773 1772,1774 1738,1788 1706,1779 1673,1780 1564,1781 1530,1759 1494,1769 1435,1770 1391,1793 1363,1798 1224,1773 1178,1790 1146,1778 1117,1799 1102,1775 1049,1782 844,1777 797,1802 745,1794 613,1782 566,1786 542,1809 528,1811 532,1780 494,1781 406,1777 361,1799 298,1808"/>
                <Baseline points="308,1844 338,1842 368,1844 398,1842 428,1842 458,1844 488,1846 518,1846 548,1848 578,1846 608,1844 638,1846 668,1846 698,1844 728,1844 758,1844 788,1842 818,1842 848,1842 878,1842 908,1842 938,1842 968,1842 998,1842 1028,1842 1058,1844 1088,1844 1118,1846 1148,1842 1178,1840 1208,1840 1238,1836 1268,1836 1298,1836 1328,1836 1358,1836 1388,1836 1418,1834 1448,1832 1478,1832 1508,1828 1538,1828 1568,1828 1598,1828 1628,1832 1658,1834 1688,1836 1718,1836 1748,1840 1778,1844"/>
                <TextEquiv>
                    <Unicode>schiKe Ich Euch durch meinen ob. Stallmeister Mein Conter</Unicode>
                </TextEquiv>
            </TextLine>
            <TextLine id="r_tl_26" custom="readingOrder {index:24;} split_word {offset:0; length:4; continued:true;}">
                <Coords points="320,1969 352,1965 376,1947 420,1948 480,1940 566,1941 590,1950 612,1941 763,1944 803,1965 843,1973 885,1952 1037,1948 1105,1962 1127,1951 1168,1937 1218,1947 1329,1933 1460,1942 1587,1918 1751,1926 1772,1898 1751,1860 1697,1839 1688,1839 1672,1847 1625,1844 1530,1842 1450,1849 1382,1849 1354,1861 1333,1856 1306,1856 1191,1883 997,1876 917,1856 875,1856 826,1882 712,1886 635,1874 507,1882 469,1863 386,1855 359,1864 298,1917"/>
                <Baseline points="342,1932 346,1932 376,1930 406,1930 436,1930 466,1932 496,1932 526,1932 556,1930 586,1930 616,1930 646,1930 676,1930 706,1930 736,1932 766,1934 796,1936 826,1938 856,1936 886,1934 916,1934 946,1934 976,1934 1006,1932 1036,1932 1066,1930 1096,1930 1126,1932 1156,1928 1186,1924 1216,1922 1246,1920 1276,1920 1306,1918 1336,1916 1366,1914 1396,1912 1426,1908 1456,1906 1486,1906 1516,1902 1546,1902 1576,1902 1606,1906 1636,1904 1666,1910 1696,1910 1726,1914"/>
                <TextEquiv>
                    <Unicode>fect, So diser mein Camerdiener gmacht, vnd bin Ihm fast nix</Unicode>
                </TextEquiv>
            </TextLine>
            <TextLine id="r_tl_27" custom="readingOrder {index:25;}">
                <Coords points="331,2038 531,2038 714,2047 995,2030 1089,2033 1125,2018 1220,2022 1279,2025 1310,2026 1339,2021 1362,2039 1379,2045 1407,2023 1451,2019 1466,2035 1519,2015 1583,2008 1664,2021 1698,2031 1750,2023 1801,2025 1817,1993 1790,1957 1732,1934 1583,1924 1464,1964 1399,1949 1337,1941 1283,1952 1072,1970 953,1959 883,1971 848,1980 815,1974 771,1965 596,1962 483,1946 433,1952 370,1961 304,2010"/>
                <Baseline points="352,2016 360,2020 390,2018 420,2018 450,2018 480,2016 510,2018 540,2020 570,2020 600,2022 630,2022 660,2026 690,2028 720,2028 750,2030 780,2030 810,2028 840,2028 870,2026 900,2024 930,2022 960,2022 990,2022 1020,2020 1050,2020 1080,2018 1110,2018 1140,2016 1170,2014 1200,2012 1230,2012 1260,2012 1290,2012 1320,2010 1350,2008 1380,2006 1410,2004 1440,2002 1470,2000 1500,2002 1530,2002 1560,2002 1590,2000 1620,2000 1650,2004 1680,2004 1710,2006 1740,2008 1770,2010 1800,2012"/>
                <TextEquiv>
                    <Unicode>gesesßen, Sondern hatt Es nur also della testa gemacht. Vesichere</Unicode>
                </TextEquiv>
            </TextLine>
            <TextLine id="r_tl_28" custom="readingOrder {index:26;}">
                <Coords points="347,2121 410,2119 427,2102 489,2100 524,2097 536,2099 535,2115 540,2122 595,2117 633,2119 658,2114 716,2120 736,2119 759,2105 783,2098 822,2109 906,2102 1061,2096 1082,2101 1090,2098 1191,2093 1208,2105 1236,2104 1253,2094 1339,2086 1395,2087 1428,2089 1449,2097 1468,2108 1491,2109 1559,2088 1583,2096 1613,2099 1661,2093 1770,2099 1777,2089 1783,2053 1760,2039 1695,2031 1582,2008 1516,2014 1464,2036 1449,2019 1406,2022 1377,2044 1338,2022 1266,2033 1176,2027 1127,2018 1041,2041 904,2033 814,2044 735,2058 671,2049 613,2053 525,2044 436,2039 387,2038 361,2046 301,2076"/>
                <Baseline points="362,2096 394,2094 424,2096 454,2094 484,2094 514,2094 544,2098 574,2098 604,2100 634,2102 664,2102 694,2102 724,2102 754,2100 783,2097 814,2100 844,2096 874,2096 904,2096 934,2094 964,2094 994,2092 1024,2092 1054,2090 1084,2090 1114,2088 1144,2086 1174,2086 1204,2084 1234,2084 1264,2084 1294,2080 1324,2078 1354,2076 1384,2076 1414,2074 1444,2076 1474,2076 1504,2078 1534,2078 1564,2082 1594,2082 1624,2084 1654,2084 1684,2086 1714,2088 1744,2090"/>
                <TextEquiv>
                    <Unicode>Euch aber gwiß, daß Es mir absonderlich Wol gleichen thuet vnd</Unicode>
                </TextEquiv>
            </TextLine>
            <TextLine id="r_tl_29" custom="readingOrder {index:27;} unclear {offset:0; length:3;}">
                <Coords points="335,2183 430,2177 463,2195 493,2185 546,2175 590,2181 619,2169 848,2165 913,2175 946,2189 973,2182 1009,2175 1017,2198 1057,2201 1067,2190 1089,2166 1158,2161 1243,2175 1253,2197 1271,2196 1288,2185 1314,2163 1342,2158 1368,2183 1389,2180 1435,2159 1459,2173 1489,2181 1519,2162 1610,2175 1689,2182 1747,2176 1770,2155 1769,2113 1715,2101 1654,2097 1594,2103 1561,2088 1479,2114 1440,2091 1413,2081 1368,2097 1260,2097 1250,2106 1207,2109 1183,2098 1090,2103 1059,2094 1019,2100 906,2107 835,2112 782,2097 759,2103 730,2125 644,2119 603,2120 541,2124 534,2116 537,2099 521,2097 490,2104 459,2105 430,2107 411,2123 347,2125 296,2145"/>
                <Baseline points="346,2162 376,2160 406,2160 436,2162 466,2160 496,2160 526,2158 556,2160 586,2162 616,2162 646,2162 676,2160 706,2160 736,2158 766,2158 796,2156 826,2156 856,2154 886,2154 916,2152 946,2154 976,2154 1006,2152 1036,2150 1066,2150 1096,2148 1126,2150 1156,2150 1186,2150 1216,2150 1246,2150 1276,2152 1306,2152 1336,2150 1366,2150 1396,2150 1426,2152 1456,2152 1486,2154 1516,2154 1546,2156 1576,2156 1606,2160 1636,2160 1666,2162 1696,2164 1726,2164 1750,2166"/>
                <TextEquiv>
                    <Unicode>alß Ich noch nie Kein So Gleichendes gesehen habe. hoffe</Unicode>
                </TextEquiv>
            </TextLine>
            <TextLine id="r_tl_30" custom="readingOrder {index:28;} unclear {offset:0; length:4;} unclear {offset:54; length:6;}">
                <Coords points="331,2268 404,2257 404,2277 420,2277 454,2264 723,2257 959,2248 961,2266 987,2272 1017,2248 1277,2233 1283,2243 1294,2257 1311,2255 1335,2239 1594,2243 1793,2266 1810,2253 1818,2210 1793,2182 1737,2191 1637,2183 1515,2165 1487,2183 1470,2183 1436,2173 1399,2183 1333,2183 1284,2195 1259,2203 1249,2191 1237,2183 1131,2184 1062,2200 1015,2200 892,2199 731,2189 570,2203 506,2193 465,2198 434,2205 402,2196 365,2205 298,2231"/>
                <Baseline points="342,2256 358,2256 388,2254 418,2254 448,2254 478,2256 508,2252 538,2252 568,2250 598,2250 628,2250 658,2250 688,2248 718,2246 748,2246 778,2242 808,2242 838,2240 868,2240 898,2240 928,2240 958,2240 988,2238 1018,2238 1048,2236 1078,2234 1108,2234 1138,2232 1168,2232 1198,2232 1228,2230 1258,2228 1288,2228 1318,2228 1348,2228 1378,2230 1408,2230 1438,2232 1468,2232 1498,2232 1528,2232 1558,2234 1588,2234 1618,2234 1648,2238 1678,2240 1708,2242 1738,2244 1768,2248 1798,2252"/>
                <TextEquiv>
                    <Unicode>also, Er werde So dann auch alda die gnad haben, alle Seblie</Unicode>
                </TextEquiv>
            </TextLine>
            <TextLine id="r_tl_31" custom="readingOrder {index:29;} abbrev {offset:0; length:4;} split_word {offset:45; length:5; continued:true;}">
                <Coords points="319,2343 445,2353 485,2372 531,2374 555,2356 616,2358 633,2350 870,2344 920,2369 951,2379 971,2344 1061,2337 1093,2337 1118,2348 1144,2329 1249,2334 1292,2354 1319,2329 1462,2336 1538,2343 1682,2342 1777,2351 1794,2295 1768,2269 1665,2256 1587,2247 1568,2256 1505,2291 1442,2274 1376,2244 1352,2247 1309,2269 1277,2252 1191,2268 1081,2254 1013,2263 963,2291 868,2264 750,2271 434,2275 403,2279 402,2257 366,2268 299,2299"/>
                <Baseline points="330,2336 344,2336 374,2338 404,2338 434,2340 464,2342 494,2340 524,2344 554,2342 584,2340 614,2340 644,2340 674,2340 704,2340 734,2338 764,2336 794,2336 824,2334 854,2332 884,2332 914,2334 944,2332 974,2334 1004,2332 1034,2330 1064,2328 1094,2328 1124,2326 1154,2322 1184,2318 1214,2318 1244,2318 1274,2318 1304,2318 1334,2318 1364,2318 1394,2320 1424,2320 1454,2320 1484,2320 1514,2316 1544,2316 1574,2312 1604,2312 1634,2310 1664,2310 1694,2310 1724,2314 1754,2316"/>
                <TextEquiv>
                    <Unicode>Kön. person vnd Vordirst die praetiosissimam Marga</Unicode>
                </TextEquiv>
            </TextLine>
            <TextLine id="r_tl_32" custom="readingOrder {index:30;} split_word {offset:0; length:6; continued:true;}">
                <Coords points="306,2426 531,2433 557,2441 578,2430 670,2429 674,2452 687,2459 707,2442 722,2432 849,2441 878,2455 897,2451 923,2434 943,2431 955,2456 979,2459 1023,2422 1040,2441 1051,2433 1068,2424 1095,2431 1088,2451 1100,2460 1117,2447 1152,2423 1262,2424 1290,2434 1322,2427 1504,2428 1546,2436 1573,2425 1598,2428 1676,2420 1659,2377 1534,2347 1324,2334 1300,2355 1252,2332 1170,2328 1142,2336 1119,2352 1108,2345 1086,2339 975,2350 954,2386 869,2354 630,2361 568,2360 537,2382 483,2383 445,2358 413,2355 320,2357 288,2397"/>
                <Baseline points="316,2414 334,2414 364,2414 394,2414 424,2416 454,2416 484,2418 514,2418 544,2420 574,2422 604,2422 634,2422 664,2422 694,2422 724,2422 754,2424 784,2424 814,2424 844,2424 874,2424 904,2422 934,2424 964,2424 994,2426 1024,2424 1054,2424 1084,2422 1114,2418 1144,2418 1174,2414 1204,2410 1234,2410 1264,2414 1294,2414 1324,2414 1354,2416 1384,2418 1414,2418 1444,2418 1474,2420 1504,2420 1534,2420 1565,2423 1600,2422 1651,2418"/>
                <TextEquiv>
                    <Unicode>rittam abzumahen, dißwegen Ich Euch Es In antecesum</Unicode>
                </TextEquiv>
            </TextLine>
            <TextLine id="r_tl_33" custom="readingOrder {index:31;} textStyle {offset:0; length:4;strikethrough} unclear {offset:0; length:4;}">
                <Coords points="339,2545 495,2541 683,2541 992,2530 1051,2541 1097,2517 1227,2502 1414,2495 1520,2506 1703,2505 1750,2491 1766,2485 1788,2462 1772,2423 1729,2423 1651,2418 1632,2421 1596,2428 1577,2425 1568,2428 1542,2445 1516,2439 1467,2434 1407,2445 1324,2452 1270,2440 1222,2436 1148,2428 1103,2465 1092,2456 1100,2431 1066,2425 1039,2445 1018,2428 977,2465 954,2464 938,2436 925,2434 872,2460 844,2452 800,2443 721,2433 684,2459 672,2453 660,2434 599,2441 548,2449 491,2437 431,2435 392,2448 318,2474"/>
                <Baseline points="352,2496 382,2492 412,2494 442,2494 472,2492 502,2490 532,2494 562,2494 592,2498 622,2500 652,2500 682,2504 712,2500 742,2498 772,2498 802,2498 832,2498 862,2496 892,2496 922,2496 952,2496 982,2494 1012,2494 1042,2494 1072,2496 1102,2496 1132,2496 1162,2496 1192,2492 1222,2492 1252,2488 1282,2488 1312,2490 1342,2492 1372,2486 1402,2486 1432,2486 1462,2484 1492,2484 1522,2486 1552,2482 1582,2480 1612,2476 1642,2474 1672,2474 1702,2474 1732,2472 1762,2472"/>
                <TextEquiv>
                    <Unicode>getl hiemitt Zu wisßen hab Mabhen wollen. vber diß Muß Ich</Unicode>
                </TextEquiv>
            </TextLine>
            <TextEquiv>
                <Unicode>Ihnen Selbst Zuesprech wie obgemeldt Ist. dann hievonIch mein meiste hoffnung habe. vnd weillen Ich wolgesichtedt bin, daß Zu Es alles diß aufs Eiffrigist werdtenEuch lassen angelegen Sein, alß beziehe mich auff dieß SoSo wol auß der Canzley als Von Fürsten Von portiaEuch geschriben wirdt. biß alhero habe disen brif Zu Ebestorffohngfer Vor3 tagengeschriben. Es ist aber So Ein vbles wetter Eingefallen, daß Ich michherain In die Statt begeben muessen. Thue also Euch Zufolg desVoriges gnädigst nit bergen, daßIch schon Resolvirdt den CavahlierSo die joya hinein bringen Sollen nehmblichen her Graven FerdinandtVon Harach doch ohne Einzige Ceremoni nur alß Ein Inviatooder Envoye wie die Franzosen Sagen. die casus causa diser electionSein 1o Sein haus. 2do respectu des Cardinals et caeterumConsennguinorum 3o daß Er darinn schon bekandt 4o aldaEin dama de palacio gehairath 5o Von gudten mittelnauch 6o der sprach Kundtig Ist. Hoffe also nit geirret haben,mitt Ihm bin Ich willens auch Meinen Camendiner den GeradVon schloß Zu schiken, So des Kings Vasall Von Brusselgebürdtig vnd Ein guetter maller ist. Zur prob Seiner Mahleschike Ich Euch durch meinen obl. Stallmeister Mein Conterfeit So diser mein Camerdiener gmacht vnd bin Ihm fast nixgesessen, Sondern hatt Es nur also dellatesta gemacht. VesichereEuch aber gwiß, daß Es mir absonderlich Wol glehen thuedt vndals Ich noch nie kein So Gleihendes gesehen habe. hoffealso, Er werde So dann auch alda die Gnad haben, alle SelbeKoenigliche person vnd Vordirst die prediosissimam Margarittam abzumahen, dißwegen Ich Euch Es In antecesumwelches wie ist Zu wissen hatt Mahen wollen. uber diß Muß Ich</Unicode>
            </TextEquiv>
        </TextRegion>
    </Page>
</PcGts>
