1944 2592
384 165 1831 302 Es wirdt aber So wol In diser alß andern materien der fürst Von
364 278 1833 399 portia Euch mehrers schreiben, wohin Ich mich beziehen thue. Sonsten
354 359 1840 490 befinde Ich mich Gott lob gar wol auf vnd die directores alß
357 436 1859 585 Münster vnd durlach richten Sich, Von hier abzuraißen, Sein
352 544 1881 720 beede gar devot, auf daß wenigste Erzaigen Sich Sie also, Corda solus
310 627 1873 805 Scrutatur DEUS. Vor 33 44 43 34 41 12 24 woldte Ich wol guett sein.
348 700 1876 900 lezllichen habe Ich Euch nochmals gnädigst anbefelhen, daß Ihr doch dringen
308 809 1862 957 Sollet auf die abraiß mainer gespons der Infantin, dann Es schier
318 897 1870 1031 gar zu langsam hergeht, und Seit nur Ein wenig importun, dann
326 988 1877 1143 Es kann nit anderst Sein. Vnd 34 42 31 12 13 43 41 6 43 34 42 31 13 12 42
325 1096 1878 1282 11 23 34 06 21 11 43 43 0 41 31 12 13 23 34 0 41 12 24 69 34 21 11 43 13 34 42 31 12 43
335 1167 1866 1347 33 13 43 13 34 41 24 14 24 44 33 06789 34 42 31 12 23 33 12 43 /
343 1245 1866 1435 44 43 41 0 12 34 067 33 13 41 CK 43 13 41 24 12 42 31 41 07 33 12 13 43 12 41 12 43
329 1300 1861 1472 Himit Verbleibe Ich Euch alzeitt Mitt Kay. hulden
326 1395 1076 1511 vnd genaden wolgewogen
270 1435 759 1642 Leopoldt
1140 1370 1837 1551 Wienn, den 12. 9b. 1664
