1944 2592
307 105 1773 288 Ich habe Es aber gleichwol schreiben wollen, damitt Ihr Mein gnädigste
301 214 1811 385 Intention vnd wolmeinung Verspuren Köndte, dann 6 23 13 34 14 23 11 98
302 294 639 422 In allen Von
555 267 670 361 Auf
639 304 901 377 BL allen
788 283 942 337 allein
920 295 1780 425 Sein obacht haben wirdt, aber diß alles
299 371 1768 524 Ist nur Ein Cabala des BF, durch welche Er guette freündt In
306 459 1751 599 Einander Hözen will. Es wirdt aber Ihm nitt angehen. Ich habe
328 537 1769 673 auch Euch gnädigst nitt Verhaldten, daß wider underschidliche reccommen
311 607 1768 764 dationes wegen des thosons hinein Komben werden. Ich Kan die
316 698 1838 869 leütt nitt disgustiren, habe theils per Un chi per un altro verso
313 794 1835 935 mir guette dienst gelaist, dahero Ich Ihnen Ia Einmal Nitt aus handt
313 876 1768 1013 gehe, allein woldte Ich, daß Ihr den König vnd die Ministros
312 940 1826 1091 sottomano capace macht, Ich thue Es ob op Importunitatem,
289 1029 1798 1179 vnd Sollen Sie gleichwol Thun, Waß Ihnen belieben. Ich ErKenne die
260 1118 1822 1261 Inconvenienz der grossen anzal der Thosonen, So heraussen Sein, gleich
303 1191 1769 1312 wol aber Köne Ihnen die reccommandationes Nit wol abschlalen.
295 1275 1846 1410 Sie Sollen gleichwol Thun, Waß Ihnen geföllig Ist. Ich maine aber
306 1368 1848 1499 auch, daß denen suplicanten, wann Sie Euch schreiben, nitt grosse Hoffnung machen,
288 1440 1828 1559 Sollet Noch Ihnen anlaß geben Sollet, daß Sie mich noch mehr Importuniren.
344 1491 1853 1631 Ihr werdet aber deme schon recht Zu Thun, basta chio mi sbrigi di costoro
332 1571 1802 1701 Et che SM Cattolica Et gli ministri non mi tengano per matto
343 1660 1814 1766 a concedere tannte tante reccommandationi. Sonsten Sein wir
332 1725 1813 1871 alle wol auf. der Comett, Von welchen Ich Euch schon Vor 14 tagen
297 1801 1767 1934 geschriben continuirt noch, vnd habe ich Selben den 4. diß Selbst
321 1887 1795 2027 observirdt vnd gefunden, quod vertat caudam ad orientem et tunc
326 1966 1760 2087 Inerit In victu Balenae. Gott wende alles vbel Von Vnß, aber
353 2055 1783 2160 sed revera die Cometen bedeütten Seldten waß guettes. pro fine
327 2118 1773 2256 thue Ich Euch nochmal reccomendiren die beschleinigung der Raiß per omnes
299 2194 1784 2314 Vias Et media possibillia. Vnd Verbleibe Euch Wie alzeitt
351 2262 1149 2397 Mitt Kay. hulden Wolgwogen
313 2337 694 2499 Leopoldt
1190 2258 1838 2386 Wienn, den 7. Jan 1665
