1944 2592
272 149 1662 353 Lieber Pötting, der Curir Ist Erchtags den 13. alhir ange
304 308 1714 442 langt vnd hatt mir Eur schreiben Von 22. xb. Sambt allen Zu
304 409 1700 562 gehörigen despaccis  Zu recht vberbracht. Nun muß Ich wol
304 501 1698 652 bekhendt, daß Ich Verhofft hette. die h. Spanier Sollen Ein
311 610 1764 749 bessere resoluition auf So Erhöblich Vorgebracht motiven
315 714 1700 843 haben folgen lasßen. aber Ist Es Zeigt Sich, waß Ich alzeitt
311 786 1785 905 besorgt, daß 41 13 12 0 33 13 43 13 34 41 24 13 06 Es nit recht mainen,
306 856 1785 1001 vnd glaube Ich wol, daß BP Ein grosse Vrsach diser mora
294 943 1784 1059 Seie. In Kan mir aber Keinswegs den sospetto aus den Sinn
292 1036 1754 1165 Schlagen, daß BN Eben So wenig guette, Sondern Es mache alß
277 1109 1794 1226 wie der aff, So mitt Kazen brazen die Kösten aus den feür
300 1182 1774 1309 heraus Krazt hatt, ma patientia, ad remedia. In bin In werkh,
281 1256 1775 1379 diß werkh a Capite zu vberlegen vnd Ein rechte resolution zu fassen,
287 1282 1756 1449 alßo das In wenig tagen disen schreiben Ein Courier Folgen
277 1394 1769 1511 wirdt, ab alda Ich alles ausfürlich Euch befelhen wirdt. Intanto
288 1466 1783 1611 besorge Ich, die scherfe wurde leicht So Vill schaden alß nuzen,
290 1555 1795 1694 vnd Villeicht Sein Etliche lose Spanier, So auf nix wardten, alß Ein
290 1645 1767 1774 occasion Zu haben, ales vber vnd vber Zu werfen. Eins muse Ich
268 1711 1765 1815 wol bekhennen, daß Ich gern hette, daß BL mitt BP So vill
260 1775 1791 1891 miglich dissimulirdt vnd wer wol guette geschehen, wan main schreiben
266 1849 1667 1965 Ihme BP wer Eingehendigt worden, desgleichen auf den anderen
1456 1848 1793 1923 11 43 41 12 24 12 43
1654 1899 1783 1950 065
284 1916 1726 2033 33 13 43 13 34 41 24 13 34 069, dan diß Kan nit schaden, wol
302 1975 1778 2121 aber vill nuzen. waß anlangt, daß AG nit Soll bey AE vnd
281 2050 1772 2169 AF Sein, Kan Ich mir wol Einbilden, wohe diser maquinen Komen,
290 2123 1768 2262 vnd Ist BR nitt wenig davon schuldig, weillen Er zimblich domestico
298 2197 1748 2319 mitt AG gwest. aber die böse Zunge machen gleich ex muscas Ele
268 2245 1749 2367 phanten, dahero Ist dises auch Komen vnd Sein diß nur lautter praetext,
260 2329 1697 2464 wann Sie So Kein rechten lust haben AE den AE Zu schiKen. Es wirdt aber,
234 2405 1749 2551 So gott will, noch besser schikhen, wann AC 43 / 44 / 24 / 23 / 12 / 43 / 32 / 12 / 24 / 23 / 12 / 24 / 12 / 41 / 12
