1944 2592
395 250 1740 392 Lieber Pötting, gleich als Ich disen curier expediren habe wollen vnd schon
374 372 1745 490 daß mit Komende schreiben geschriben habe, Empfange Ich Eur relation
383 469 1757 577 von 16. Ienner. weillen aber aber die substantia durch Selbe nit mutirdt
360 543 1746 677 Ist, alß beziehe mich nochmals auf Die haubt Resolution aus der Canzley,
377 640 1740 774 dero woldt Ihr in allen puncten puntualte Nach Komen, auch von allen aus
379 769 825 891 fürliche Communication
577 738 763 816 Relation
840 739 1776 865 Erstatten, auch alles mit den P. Neidhardt Commu
393 836 1750 986 niciren vnd mitt Seiner Cooperation diß werkh Recht stabiliren. habe
267 927 1754 1057 doch Noch In Ein vnd ander nachfolgende Erinderung thuen wollen. Ich Siehe
372 1027 1789 1189 1o aus gedachter Eur relation, daß noch Kein rechte praevention gemacht
362 1120 1716 1270 worden, die Königin aber schreibt mir, Es Sey zum weldtlichen
374 1210 1264 1360 Conducttor der duque di Cardona, recht
1137 1200 1233 1260 hett
1246 1201 1757 1334 Solche Impiego auch schon
386 1292 1708 1446 angenomen. Es were auch auch mitt der Condessa de Benavente
391 1371 1710 1515 als Kunffiger Camarera Mayor alles appuntirdt. weilen Ihr
395 1462 1740 1598 mir aber hievon nix schreibt, alß werde Ich die gwisheit Erwardten. In casu,
383 1564 1075 1675 quod Ita sit, meine Ich, werde Es schon
989 1568 1070 1613 nit
1057 1556 1660 1669 schaden, wann Ihr meon Nomine
386 1640 1781 1769 hiezue gratuliren, auch Sagen, daß Ich wegen Seins haus vnd deß luciemiendto,
378 1703 1775 1843 auch daß der Mitt den teütschen Heüsern befreindt Sey, Ein absonderliches gefalen
381 1791 1776 1927 habe, daß diser empleo Ihme aufgetragen worden, vnd woldte Ihme adhortieren
371 1859 1660 1980 Es Er wolle Seines ordts diser jorndada aufs Möglichste beschleinigen.
376 1936 1711 2048 dises Stelle Ich aber Euch anhaimb. 2do glaube Ich, daß BP noch keine
390 2023 1688 2121 guette Intentionen finde, aber deme Seye, wie Ihm wolle, est nobis dissimu
374 2099 1696 2193 landam ad vitandum maius malum et ne nobis magis noceat,
348 2172 1772 2307 weilen Ich sorge, BN werde sich mit BP vergleichen, maine also nochmals,
331 2254 1743 2361 BL Solle (So vill miglich mit BP guette Correpondenz haldten, dann
310 2339 600 2453 Sonsten gwiß
601 2335 729 2380 aldordten
602 2361 1291 2446 nit fordtzu Komen Sein wirdt.
