1944 2592
325 124 1864 293 Ich Zweifle nit, Es werde aldordten schon beKandt Sein, waß AH 6
243 253 1875 423 dem BR Von Ein Vorhaldt gethan wegen 41 12 24 0 44 14 23 42 31 12 2
307 365 1863 527 34 14 AF 13 43 43 13 41 12 24 23 11 43 41 31 11 41 065 34 42 31 13 42 12 43
309 469 1851 583 21 14 23 23 12 43 06, vnd Zweifle nit BR werde alles hinein bericht haben,
278 545 1865 717 wil mich also nit darinnen aufhaldten. allein mein Ich, Es Seye zimblich
299 604 1779 819 teüsch gredt vnd Könen mir wol Sagen, ad quide desideramus
245 700 1784 861 testes? pro nunc wollet Ihr nur penetriren, waß man dazue Sagt
261 809 1756 979 vnd ob Sie noch nit die augen aufmachen wollen? auch qd
255 892 1804 1017 putent nobis faciendum. BK de his plura, allein pro Interim
261 999 1862 1140 hatt AF auf des BR begern 41 12 24 6 44 14 23 42 31 12 24 06
283 1125 1811 1245 33 11 24 34 42 31 06 34 44 34 21 12 43 41 13 24 41 060, So Sonsten Sschon
277 1200 1787 1377 ganz Incaminirdt gwesen. guett aber wirdt Sein, Selbiges hoffs
278 1317 1787 1478 mainung hirvber baldt Zu wissen. Sonsten Ist auch DP nit
271 1430 1815 1575 lengst alhi anglangt, Ist noch alle Zerschmetterdt, habe also noch
287 1520 1785 1690 nitt gnueg mitt Ihme reden Können, hoffe doch mitt Seiner Comission
268 1620 1799 1788 bey disen Coniuncturen AB vnd CK Ein guetten Nuz Zu schaffen.
307 1714 1813 1907 Sonsten gibt Es bey diser windterzeitt wenig neüs. Es Ist Vor 6 tag
252 1784 1791 2003 Ein Solcher schne gefallen, daß Ich Selber mit mein augen Etlich wagen
284 1912 1755 2049 mitt 2 Rossen habe auf den burgblaz Stekhen Sehen, Ist noch nit
268 2007 1746 2133 Vergang vnd dabey In feldt Ist Ein Solches Kottwerkh, daß Ich fürchte, Ihn
278 2084 1770 2213 Vill Zeitt nit aus Zu Komen. Verbleibe also Euch mitt Kay. hulden
249 2147 868 2344 vnd genaden wolgewogen
258 2222 589 2415 Leopoldt
1076 2168 1641 2327 Wienn, den 4. Merz
1480 2254 1687 2393 1665
