1944 2592
406 267 1822 488 Lieber grav Von Pötting. Erst Iünghin Verstrichnen donners
402 376 511 519 tag
267 385 413 464 den 12. diß
509 365 1685 562 habe Ich Eur schreiben Von Ersten Feb. Empfangen.
390 472 1751 637 Was nun daß Vor Ein lange schadliche mora vnd Wie Viel Zeitt
349 588 1774 755 dadurch ohne noth Verlohrn wirdt, Köndt Ihr leicht Selbst
356 676 1794 859 Erachten, In deme tempus also pretioß Ist. vnd Konte der BN
370 798 1831 959 alß Correo Mayor wol mehr auf Sicht haben, daß die posten besser
381 884 1762 1050 befürdter wurden. ah, Innata Hispanis Tarditas! thuen Ia offt Vill
339 995 1788 1145 guett Verderben. wirt also wol guett, wann dise Vnordnung Ein
352 1115 1787 1255 mal recht remedirdt wurde. Sonsten höre Ich gern, daß Sich die Sachen
360 1222 1740 1352 Was besser anlassen, die declaration des Duque de Cardona,
358 1309 1782 1465 hoffe, Sey Ein grosser passo. disen allen aber ohngeacht So muest Ihr
349 1427 1649 1583 gleichwol sine Intermission antreiben (doch alles Cum omni
324 1538 1743 1730 possibili Moderatione), daß mitt auch alles daß ander recht
360 1630 1683 1785 Eingericht werde, auf das mann Einmal doch Eigendtlich wissen moge
336 1730 1749 1894 daß Certum tempus Huius Itineris. Der DH wirdt auch Könen
327 1848 1761 2003 treiben helfen. daß mann Von Selben 32 14 44 12 24 43 14 65 So
322 1943 1716 2066 vblen reden schiest vnd daß pasquinaten auch gemacht werden, Verwunder
345 2025 1726 2186 Ich mich nicht, daß Es der pövel Vor Ein Ihar alhir auch nitt besser
314 2181 620 2305 gemacht, doch
536 2144 624 2224 da
617 2132 1710 2287 doch bey weitten Nitt So Vill Confusiones Vnder den
327 2222 1715 2374 33 13 43 13 34 24 13 34 0 Sein, alß am aldordtigen hove. Ich maine aber
336 2300 1706 2471 Einmal, Es werde daß beste Sein, daß AC Sich Vmb die Negotia
329 2404 1701 2533 Vnd daß mann schaute, BN vnd BP Zu reconciliren, dann Sonsten gwiß
