<?xml version="1.0" encoding="UTF-8" standalone="yes"?>
<PcGts xmlns="http://schema.primaresearch.org/PAGE/gts/pagecontent/2013-07-15" xmlns:xsi="http://www.w3.org/2001/XMLSchema-instance" xsi:schemaLocation="http://schema.primaresearch.org/PAGE/gts/pagecontent/2013-07-15 http://schema.primaresearch.org/PAGE/gts/pagecontent/2013-07-15/pagecontent.xsd">
    <Metadata>
        <Creator>prov=READ-COOP:name=PyLaia@TranskribusPlatform:version=2.34.0:model_id=429353:lm=none:date=10_11_2025_11:26</Creator>
        <Created>2025-10-07T16:00:23.383+02:00</Created>
        <LastChange>2025-12-05T12:26:08.303+01:00</LastChange>
        <TranskribusMetadata docId="11132745" pageId="104004725" pageNr="159" tsid="263932775" status="GT" userId="14631" imgUrl="https://files.transkribus.eu/Get?fileType=view&amp;id=YMRHILKVTHPPDOMENCIIQCHM" xmlUrl="https://files.transkribus.eu/Get?id=EMOPNKOPJCRLOSXZQZEOPSGS" imageId="87275740"/>
    </Metadata>
    <Page imageFilename="0159_HHStA, GK, K. 33.1, Buch 1662-1665, fol. 201v.JPG" imageWidth="1944" imageHeight="2592">
        <ReadingOrder>
            <OrderedGroup id="ro_1765532883196" caption="Regions reading order">
                <RegionRefIndexed index="0" regionRef="tr_1"/>
            </OrderedGroup>
        </ReadingOrder>
        <TextRegion orientation="0.0" id="tr_1" custom="readingOrder {index:0;}">
            <Coords points="242,96 240,2537 1844,2537 1844,118"/>
            <TextLine id="tr_1_tl_1" custom="readingOrder {index:0;} unclear {offset:47; length:7;}">
                <Coords points="332,248 491,229 541,245 611,230 693,263 798,224 871,236 974,217 1009,249 1063,224 1103,254 1158,235 1314,231 1341,258 1401,223 1495,205 1529,233 1574,216 1619,225 1680,219 1709,229 1774,260 1820,265 1824,181 1774,156 1569,122 1459,176 1395,134 1101,145 1029,172 941,110 689,145 377,153 332,182"/>
                <Baseline points="342,224 415,225 489,222 563,222 636,222 710,219 784,218 857,214 931,212 1005,214 1079,214 1152,220 1226,219 1300,218 1373,216 1447,214 1521,216 1594,216 1668,216 1742,226 1816,254"/>
                <TextEquiv>
                    <Unicode>die Reiß der Infantin In august gwis Erfolgen, So sehr verlangt</Unicode>
                </TextEquiv>
            </TextLine>
            <TextLine id="tr_1_tl_2" custom="readingOrder {index:1;} textStyle {offset:21; length:3;strikethrough}">
                <Coords points="299,325 373,318 398,335 433,316 538,312 640,318 694,337 743,281 801,308 1001,311 1141,309 1173,344 1221,300 1379,298 1391,320 1430,296 1464,293 1608,302 1779,316 1797,280 1698,251 1666,225 1628,242 1585,236 1537,250 1491,202 1440,238 1391,229 1339,252 1271,266 1007,208 800,224 741,232 689,259 631,241 586,243 499,249 297,250"/>
                <Baseline points="308,310 381,304 455,300 529,298 603,296 677,295 750,299 824,302 898,303 972,300 1046,298 1119,296 1193,298 1267,296 1341,294 1415,288 1488,289 1562,290 1636,294 1710,299 1784,314"/>
                <TextEquiv>
                    <Unicode>der pövel diß werkh. Waß Habe wol gern verstanden, daß man</Unicode>
                </TextEquiv>
            </TextLine>
            <TextLine id="tr_1_tl_3" custom="readingOrder {index:2;}">
                <Coords points="302,383 392,378 437,382 465,378 518,378 647,369 674,357 708,368 743,362 751,386 801,368 825,379 848,362 885,364 922,365 912,407 932,418 987,373 1050,369 1114,372 1158,374 1190,386 1230,377 1255,399 1309,372 1419,390 1472,369 1497,391 1592,385 1626,395 1669,383 1688,409 1731,392 1759,402 1775,324 1525,301 1502,267 1473,307 1446,299 1415,323 1387,328 1364,307 1332,282 1278,326 1253,301 1200,310 1187,347 1182,310 1145,333 962,325 957,297 927,285 903,312 887,284 844,313 839,295 812,311 814,282 780,318 741,291 687,333 635,326 553,313 457,327 425,348 371,329 267,339 273,409"/>
                <Baseline points="282,388 356,379 430,373 504,370 578,365 652,362 726,363 800,362 874,362 948,364 1022,364 1096,364 1170,366 1244,369 1318,368 1392,368 1466,366 1540,367 1614,372 1688,373 1762,382"/>
                <TextEquiv>
                    <Unicode>alda mitt meinen dinstErsezungen wol Zufriden Ist vnd daß auch</Unicode>
                </TextEquiv>
            </TextLine>
            <TextLine id="tr_1_tl_4" custom="readingOrder {index:3;} textStyle {offset:37; length:2;strikethrough} cipher {offset:40; length:2;decryption:Gonzaga;}">
                <Coords points="287,480 305,495 454,482 586,458 738,487 871,442 915,476 995,447 1061,429 1096,456 1164,471 1193,462 1275,464 1330,471 1376,462 1382,484 1408,457 1448,472 1767,477 1794,405 1731,423 1606,400 1530,411 1477,373 1433,395 1303,372 1193,373 1007,368 929,422 843,364 742,394 680,362 640,383 613,354 579,386 554,381 512,405 418,402 397,379 357,379 315,389"/>
                <Baseline points="297,464 418,447 489,444 560,442 631,440 702,438 772,438 843,437 914,438 985,436 1056,439 1126,442 1197,442 1268,447 1339,444 1410,444 1480,445 1551,452 1622,456 1693,460 1764,466"/>
                <TextEquiv>
                    <Unicode>Ihren gusto In disen getroffen habe. BF BH Ist ganz devot </Unicode>
                </TextEquiv>
            </TextLine>
            <TextLine id="tr_1_tl_5" custom="readingOrder {index:4;} cipher {offset:6; length:22;decryption:spanien;}">
                <Coords points="277,555 282,600 312,589 337,547 346,594 371,585 409,546 460,549 601,542 610,555 636,542 682,546 837,541 876,547 1171,530 1195,546 1245,526 1313,535 1356,525 1385,539 1426,532 1474,551 1518,534 1560,535 1605,554 1644,539 1781,566 1770,480 1437,477 1377,448 1351,466 1319,474 1292,479 1266,466 1227,482 1179,482 1093,468 1059,438 1017,462 967,456 928,473 897,496 648,493 280,500"/>
                <Baseline points="292,546 364,542 437,536 510,535 583,536 656,538 729,537 802,536 875,534 948,530 1021,528 1093,528 1166,526 1239,527 1312,524 1385,524 1458,528 1531,532 1604,537 1677,542 1750,548"/>
                <TextEquiv>
                    <Unicode>gegen 34 21 11 43 13 12 43 6, Kan also nit capir, waß Sie</Unicode>
                </TextEquiv>
            </TextLine>
            <TextLine id="tr_1_tl_6" custom="readingOrder {index:5;} unclear {offset:29; length:5;}">
                <Coords points="276,638 392,628 435,629 454,657 495,646 546,637 565,659 613,622 659,620 797,622 833,636 874,621 901,648 959,627 1049,623 1096,630 1121,612 1246,619 1286,633 1313,619 1385,616 1458,627 1515,622 1539,650 1573,625 1652,623 1805,660 1818,584 1552,554 1540,534 1508,541 1460,567 1429,532 1388,545 1314,543 1018,533 983,539 957,523 831,538 760,580 690,552 634,544 607,569 572,541 505,548 470,577 425,566 402,590 347,595 318,590 259,607"/>
                <Baseline points="284,626 359,622 434,618 509,619 584,618 660,616 735,614 810,613 885,614 960,615 1036,614 1111,613 1186,610 1261,610 1336,608 1412,607 1487,608 1562,613 1637,616 1712,626 1788,642"/>
                <TextEquiv>
                    <Unicode>wider Ihn haben muessen. Ich meine aber, Es Sey Ein particular</Unicode>
                </TextEquiv>
            </TextLine>
            <TextLine id="tr_1_tl_7" custom="readingOrder {index:6;} cipher {offset:10; length:2;decryption:Medina;} cipher {offset:19; length:30;decryption:Sabioneta;}">
                <Coords points="279,713 380,707 498,708 600,714 679,707 708,716 737,717 747,748 801,713 910,721 923,749 952,747 961,714 1051,721 1125,710 1179,720 1277,714 1353,710 1551,768 1615,726 1677,739 1706,758 1747,742 1813,758 1824,668 1589,634 1545,670 1452,673 1389,663 1202,662 1123,664 1063,674 782,648 670,629 612,628 584,655 557,660 529,642 477,659 432,667 386,627 277,631"/>
                <Baseline points="278,702 354,697 430,696 506,693 583,694 659,698 735,700 812,702 888,704 964,704 1041,704 1117,702 1193,700 1269,702 1346,705 1422,708 1498,711 1575,712 1651,716 1727,723 1804,728"/>
                <TextEquiv>
                    <Unicode>odium das BN wegen 34 11 21 13 14 43 12 41 11 069. Mochte</Unicode>
                </TextEquiv>
            </TextLine>
            <TextLine id="tr_1_tl_8" custom="readingOrder {index:7;} cipher {offset:25; length:27;decryption:Minister;} corrected {offset:44; length:1;}">
                <Coords points="265,804 417,792 458,811 486,791 545,792 598,784 622,798 659,765 670,806 714,803 740,825 776,792 838,802 888,797 909,806 966,804 1012,815 1075,811 1105,822 1126,807 1157,823 1206,819 1243,818 1307,829 1340,818 1499,826 1519,853 1595,817 1677,835 1713,859 1772,847 1782,779 1730,757 1631,792 1541,769 1472,781 1344,760 1244,757 1055,747 981,770 933,762 825,756 805,710 748,750 722,750 698,718 655,745 573,740 526,741 507,715 474,731 385,720 339,732 260,727"/>
                <Baseline points="272,786 346,780 420,778 494,780 568,782 642,785 716,790 790,793 864,796 938,800 1013,801 1087,806 1161,805 1235,808 1309,811 1383,814 1457,818 1531,820 1605,823 1679,832 1754,840"/>
                <TextEquiv>
                    <Unicode>wol wissen, wer der Eine 33 13 43 13 34 41 12 24 2 0 Seyn, welchen</Unicode>
                </TextEquiv>
            </TextLine>
            <TextLine id="tr_1_tl_9" custom="readingOrder {index:8;} abbrev {offset:34; length:3;} cipher {offset:38; length:2;decryption:Auersperg;}">
                <Coords points="283,874 360,859 466,864 560,869 580,901 644,863 684,880 716,870 804,881 841,883 856,897 905,875 1118,874 1141,884 1180,865 1207,879 1329,896 1352,928 1409,890 1494,892 1520,910 1553,898 1585,919 1617,903 1790,923 1798,853 1713,864 1667,862 1631,838 1598,851 1585,819 1519,851 1479,818 1420,828 1391,817 1363,833 1310,841 1289,841 1288,821 1252,812 1213,811 1187,824 1126,827 1095,814 1067,828 1030,814 989,823 962,822 965,792 945,793 895,828 888,794 841,821 805,833 777,808 756,833 747,801 722,808 696,808 673,828 658,773 596,829 545,806 486,827 454,816 271,806"/>
                <Baseline points="284,850 358,851 433,854 508,855 582,860 657,863 732,864 806,866 881,866 956,866 1031,866 1105,867 1180,871 1255,879 1329,884 1404,886 1479,886 1553,895 1628,898 1703,903 1778,906"/>
                <TextEquiv>
                    <Unicode>mann alda In Verdacht haldte Mitt den BF, daß Er mitt</Unicode>
                </TextEquiv>
            </TextLine>
            <TextLine id="tr_1_tl_10" custom="readingOrder {index:9;} cipher {offset:0; length:2;decryption:König\u0020von\u0020Frankreich;}">
                <Coords points="266,991 348,990 382,982 570,962 604,971 634,959 748,953 892,999 948,966 1137,949 1227,956 1260,965 1319,956 1337,981 1389,961 1461,1023 1517,975 1737,1007 1746,952 1679,926 1639,938 1563,928 1516,914 1466,910 1425,894 1353,927 1178,869 1128,901 1061,909 1028,886 995,908 964,908 947,884 905,881 851,897 793,877 684,915 456,875 352,883 264,949"/>
                <Baseline points="276,972 349,969 422,966 495,957 568,956 641,954 714,952 787,950 860,950 933,948 1007,951 1080,952 1153,948 1226,949 1299,954 1372,960 1445,968 1518,976 1591,985 1664,993 1738,1002"/>
                <TextEquiv>
                    <Unicode>AH Correspondenz pfelge? Kondten Ihr Es penetriren, </Unicode>
                </TextEquiv>
            </TextLine>
            <TextLine id="tr_1_tl_11" custom="readingOrder {index:10;}">
                <Coords points="278,1075 327,1076 358,1067 475,1057 527,1071 560,1076 589,1060 793,1052 794,1084 837,1048 1091,1042 1231,1033 1274,1058 1316,1045 1446,1063 1500,1077 1537,1067 1571,1088 1607,1075 1659,1081 1820,1093 1824,1008 1721,1005 1519,975 1447,1023 1385,972 1310,992 1305,956 1248,981 1167,971 1086,964 1047,991 967,991 866,1005 833,1002 700,977 594,967 556,965 523,991 336,992 278,996"/>
                <Baseline points="288,1064 363,1056 439,1052 514,1052 590,1048 666,1045 741,1042 817,1042 892,1040 968,1036 1044,1034 1119,1032 1195,1032 1270,1034 1346,1039 1422,1048 1497,1050 1573,1057 1648,1067 1724,1072 1800,1070"/>
                <TextEquiv>
                    <Unicode>So woldt Ihr Es mir pro mea directione berichten. Ich fürchte wol, </Unicode>
                </TextEquiv>
            </TextLine>
            <TextLine id="tr_1_tl_12" custom="readingOrder {index:11;} cipher {offset:36; length:28;decryption:don\u0020diego;}">
                <Coords points="246,1166 338,1181 358,1174 385,1189 407,1167 442,1171 610,1145 646,1169 671,1151 757,1153 798,1167 821,1142 884,1144 1131,1129 1308,1146 1347,1160 1420,1163 1799,1195 1834,1110 1791,1105 1758,1134 1277,1090 1270,1064 1247,1044 1211,1049 1175,1065 1132,1048 1058,1076 993,1044 949,1046 922,1076 906,1042 825,1094 783,1098 784,1057 538,1097 474,1057 289,1087 246,1119"/>
                <Baseline points="256,1158 333,1157 410,1158 487,1151 564,1143 641,1140 718,1135 795,1136 872,1134 949,1130 1026,1128 1103,1128 1180,1128 1257,1133 1334,1138 1411,1143 1488,1154 1565,1159 1642,1170 1719,1174 1796,1180"/>
                <TextEquiv>
                    <Unicode>Es gehe nitt alzeitt recht zue. des 41 14 43 0 41 13 12 32 14 06</Unicode>
                </TextEquiv>
            </TextLine>
            <TextLine id="tr_1_tl_13" custom="readingOrder {index:12;} abbrev {offset:16; length:7;}">
                <Coords points="240,1247 316,1241 463,1269 509,1250 561,1242 623,1242 669,1241 702,1244 758,1251 776,1281 807,1266 851,1258 889,1260 997,1248 1024,1258 1061,1252 1132,1253 1215,1237 1286,1251 1295,1277 1331,1255 1434,1269 1455,1294 1494,1277 1616,1261 1652,1280 1696,1288 1783,1280 1783,1201 1599,1186 1502,1185 1475,1195 1426,1194 1408,1162 1375,1175 1347,1163 1294,1160 1264,1180 1248,1152 1186,1149 1118,1193 1083,1195 1013,1193 977,1147 889,1171 844,1172 786,1179 725,1181 663,1191 610,1147 575,1166 545,1191 505,1180 426,1203 403,1174 362,1199 340,1176 307,1190 241,1183"/>
                <Baseline points="250,1230 326,1230 402,1234 478,1236 554,1234 630,1234 706,1236 782,1243 858,1243 891,1244 934,1242 1011,1238 1087,1238 1163,1237 1239,1238 1315,1239 1391,1240 1467,1245 1543,1252 1619,1259 1695,1265 1772,1272"/>
                <TextEquiv>
                    <Unicode>relation In hac materia Ist Curios, habe Es fleissig zerissen,</Unicode>
                </TextEquiv>
            </TextLine>
            <TextLine id="tr_1_tl_14" custom="readingOrder {index:13;} cipher {offset:25; length:2;decryption:Kaiser\u0020Leopold\u0020I.;}">
                <Coords points="239,1327 458,1313 560,1343 601,1323 644,1328 691,1313 755,1333 805,1331 845,1346 947,1331 983,1349 1012,1337 1043,1339 1050,1370 1086,1351 1157,1350 1242,1348 1265,1358 1296,1352 1435,1354 1466,1364 1538,1357 1547,1376 1591,1358 1592,1381 1635,1361 1684,1364 1698,1379 1725,1370 1774,1372 1787,1317 1749,1317 1706,1326 1670,1295 1618,1281 1539,1290 1508,1283 1457,1298 1421,1279 1368,1284 1346,1262 1323,1266 1302,1279 1272,1264 1071,1260 1026,1274 924,1270 857,1285 791,1291 702,1249 665,1261 634,1242 599,1246 474,1280 394,1267 236,1263"/>
                <Baseline points="240,1318 316,1313 393,1312 469,1313 546,1316 623,1314 699,1317 776,1324 852,1331 929,1330 1006,1332 1082,1340 1159,1340 1235,1344 1312,1346 1389,1344 1465,1344 1542,1349 1618,1354 1695,1360 1772,1366"/>
                <TextEquiv>
                    <Unicode>ne veniat In lucem. hatt AF Eben Ein Solches fast also</Unicode>
                </TextEquiv>
            </TextLine>
            <TextLine id="tr_1_tl_15" custom="readingOrder {index:14;} cipher {offset:24; length:2;decryption:Portia;} cipher {offset:32; length:2;decryption:Lobkowitz;} corrected {offset:35; length:1;}">
                <Coords points="234,1409 260,1411 298,1395 329,1399 342,1425 372,1400 385,1418 402,1396 427,1423 463,1401 486,1405 499,1422 535,1399 550,1434 582,1402 606,1427 635,1404 651,1433 670,1432 708,1410 777,1410 806,1423 835,1413 891,1412 916,1426 946,1416 992,1411 1076,1415 1108,1441 1128,1422 1139,1443 1196,1432 1216,1417 1292,1421 1337,1423 1411,1414 1559,1416 1570,1440 1598,1425 1626,1420 1665,1421 1690,1433 1720,1428 1744,1416 1768,1378 1745,1389 1729,1372 1684,1383 1632,1382 1588,1385 1566,1376 1541,1380 1536,1358 1486,1363 1414,1376 1397,1354 1360,1374 1299,1371 1239,1361 1202,1363 1169,1343 1097,1393 1053,1371 1032,1347 986,1367 948,1352 805,1360 792,1334 742,1355 692,1314 651,1348 603,1341 558,1343 508,1326 436,1353 430,1307 407,1324 390,1344 360,1343 349,1291 332,1318 313,1340 296,1352 234,1351"/>
                <Baseline points="244,1390 319,1387 394,1386 469,1391 545,1398 620,1397 695,1398 771,1401 846,1406 921,1407 997,1404 1072,1407 1147,1412 1222,1412 1298,1412 1373,1414 1448,1410 1524,1410 1599,1414 1674,1419 1750,1428"/>
                <TextEquiv>
                    <Unicode>gesagt gleich post fata BE. der BG Ist wol Sein guetter</Unicode>
                </TextEquiv>
            </TextLine>
            <TextLine id="tr_1_tl_16" custom="readingOrder {index:15;}">
                <Coords points="237,1490 257,1508 280,1484 450,1481 483,1483 581,1487 627,1494 690,1479 750,1486 813,1484 829,1502 860,1497 885,1483 962,1482 982,1506 1037,1491 1051,1504 1093,1494 1129,1483 1181,1479 1208,1490 1417,1490 1437,1505 1461,1488 1624,1493 1648,1512 1676,1498 1788,1507 1821,1519 1832,1482 1828,1434 1792,1452 1761,1413 1674,1455 1666,1419 1626,1438 1590,1430 1557,1451 1529,1441 1505,1415 1462,1437 1401,1417 1374,1442 1336,1425 1312,1424 1283,1442 1277,1430 1261,1416 1229,1440 1199,1441 1163,1427 1133,1449 1105,1445 1081,1445 1069,1417 1032,1431 971,1438 932,1431 884,1418 809,1428 765,1416 729,1418 702,1438 673,1429 649,1444 610,1438 573,1436 538,1442 494,1443 468,1416 446,1441 415,1437 400,1416 372,1434 354,1416 324,1439 325,1409 294,1400 266,1417 237,1435"/>
                <Baseline points="244,1478 323,1475 402,1476 481,1480 560,1482 639,1482 718,1480 797,1480 876,1480 955,1478 1035,1481 1114,1480 1193,1480 1272,1482 1351,1482 1430,1482 1509,1484 1588,1486 1667,1489 1746,1496 1826,1508"/>
                <TextEquiv>
                    <Unicode>freindt vnd weill Er Von spanischen gebluett Kombt, tanto basta al</Unicode>
                </TextEquiv>
            </TextLine>
            <TextLine id="tr_1_tl_17" custom="readingOrder {index:16;} textStyle {offset:30; length:4;strikethrough}">
                <Coords points="249,1603 280,1572 370,1573 397,1592 460,1578 586,1584 762,1582 787,1600 830,1580 999,1578 1082,1582 1104,1595 1143,1577 1409,1589 1441,1619 1480,1595 1769,1603 1778,1526 1737,1517 1685,1529 1627,1533 1587,1538 1579,1510 1534,1492 1500,1511 1419,1511 1361,1523 1301,1505 1268,1503 1231,1515 1192,1523 1192,1496 1170,1479 1144,1494 1117,1500 1059,1499 1019,1515 981,1527 941,1529 898,1500 822,1512 776,1497 671,1481 635,1485 611,1507 591,1484 561,1507 529,1511 502,1483 470,1482 442,1517 343,1517 299,1506 249,1524"/>
                <Baseline points="260,1558 334,1555 409,1560 483,1561 558,1564 633,1564 707,1562 782,1565 856,1568 931,1570 1006,1570 1080,1567 1155,1566 1229,1565 1304,1568 1379,1567 1453,1573 1528,1576 1602,1574 1677,1577 1752,1590"/>
                <TextEquiv>
                    <Unicode>pareç d'este hombreçillo. Waß andt anlangt die materi</Unicode>
                </TextEquiv>
            </TextLine>
            <TextLine id="tr_1_tl_18" custom="readingOrder {index:17;} cipher {offset:4; length:72;decryption:dolkher\u0020(volkher)\u0020so\u0020nanh\u0020(nach)\u0020niderland;} corrected {offset:65; length:1;}">
                <Coords points="237,1652 329,1652 582,1674 724,1669 951,1686 1024,1681 1120,1683 1193,1679 1263,1716 1323,1703 1483,1704 1614,1721 1773,1740 1847,1750 1850,1699 1730,1681 1547,1657 1483,1653 1409,1644 1352,1647 1313,1612 1235,1641 1028,1629 960,1625 907,1628 878,1606 845,1593 799,1614 628,1612 550,1610 460,1603 416,1597 378,1600 319,1601 274,1579 255,1599 234,1615"/>
                <Baseline points="246,1640 325,1638 405,1642 485,1648 565,1650 645,1654 725,1654 805,1662 885,1667 965,1668 1045,1670 1124,1671 1204,1674 1284,1677 1364,1685 1444,1688 1524,1695 1604,1703 1684,1712 1764,1724 1844,1736"/>
                <TextEquiv>
                    <Unicode>der 41 14 23 42 31 12 24 06 34 14 43 11 43 31 069 43 13 41 12 24 23 11 43 41</Unicode>
                </TextEquiv>
            </TextLine>
            <TextLine id="tr_1_tl_19" custom="readingOrder {index:18;} cipher {offset:0; length:22;decryption:sollen;} cipher {offset:31; length:2;decryption:König\u0020von\u0020Frankreich;} cipher {offset:34; length:27;decryption:dargegen;} corrected {offset:49; length:1;}">
                <Coords points="243,1724 318,1734 380,1729 426,1735 482,1734 569,1739 609,1756 667,1741 773,1748 797,1763 855,1756 922,1766 965,1763 998,1774 1054,1781 1092,1775 1208,1774 1282,1782 1376,1789 1425,1783 1466,1798 1514,1802 1539,1811 1570,1810 1689,1826 1760,1839 1764,1872 1783,1879 1821,1849 1825,1796 1789,1792 1597,1761 1285,1737 1236,1720 1176,1703 1125,1695 1068,1692 1021,1692 978,1710 909,1700 863,1713 558,1684 484,1687 242,1671"/>
                <Baseline points="254,1712 331,1714 408,1717 485,1725 562,1731 639,1738 716,1739 793,1744 870,1749 947,1752 1025,1760 1102,1765 1179,1768 1256,1772 1333,1778 1410,1784 1487,1791 1564,1803 1641,1813 1718,1824 1824,1846"/>
                <TextEquiv>
                    <Unicode>34 14 23 23 12 43 0578 vnd waß AH 41 11 24 32 12 32 12 43 079</Unicode>
                </TextEquiv>
            </TextLine>
            <TextLine id="tr_1_tl_20" custom="readingOrder {index:19;} cipher {offset:0; length:17;decryption:movirt;} corrected {offset:16; length:1;}">
                <Coords points="266,1791 459,1816 577,1826 654,1840 685,1830 736,1829 772,1821 823,1835 875,1832 914,1840 928,1874 958,1863 989,1840 1052,1834 1067,1856 1101,1840 1114,1860 1182,1849 1186,1883 1239,1850 1278,1853 1329,1847 1360,1860 1560,1870 1580,1884 1618,1894 1655,1877 1676,1892 1717,1897 1740,1876 1754,1838 1647,1822 1520,1813 1489,1804 1463,1822 1431,1786 1402,1791 1375,1799 1351,1787 1302,1797 1253,1786 1214,1766 1169,1792 1146,1781 1059,1784 972,1783 930,1762 867,1775 789,1773 770,1744 732,1767 692,1765 637,1775 262,1739"/>
                <Baseline points="274,1782 346,1788 419,1797 492,1801 564,1811 637,1816 710,1818 782,1818 855,1818 928,1820 1001,1826 1073,1831 1146,1834 1219,1837 1291,1842 1364,1847 1437,1852 1509,1859 1582,1872 1655,1880 1728,1888"/>
                <TextEquiv>
                    <Unicode>33 14 44 13 24 41, Ist alles Von grosser Importanz vnd werde Ich Es </Unicode>
                </TextEquiv>
            </TextLine>
            <TextLine id="tr_1_tl_21" custom="readingOrder {index:20;}">
                <Coords points="252,1872 356,1867 441,1881 452,1924 475,1911 506,1881 564,1894 594,1890 729,1900 764,1909 798,1902 847,1896 915,1915 953,1905 1150,1909 1176,1923 1201,1911 1290,1920 1349,1899 1401,1903 1717,1955 1740,1907 1672,1903 1674,1877 1627,1895 1576,1892 1533,1863 1483,1875 1368,1865 1331,1848 1252,1862 1187,1885 1171,1862 1113,1862 1089,1847 1062,1859 1040,1839 996,1853 929,1877 898,1859 842,1856 789,1857 772,1821 650,1839 259,1805"/>
                <Baseline points="260,1860 333,1861 406,1864 479,1871 552,1879 625,1886 698,1889 771,1894 844,1897 917,1898 991,1897 1064,1892 1137,1894 1210,1899 1283,1900 1356,1901 1429,1906 1502,1913 1575,1921 1648,1931 1722,1942"/>
                <TextEquiv>
                    <Unicode>alles vberlegen vnd consultirn, auch Sodann per Cursorem brevi Hinc </Unicode>
                </TextEquiv>
            </TextLine>
            <TextLine id="tr_1_tl_22" custom="readingOrder {index:21;}">
                <Coords points="264,1945 360,1963 456,1967 508,1957 561,1981 627,1986 665,1978 728,1984 784,1989 815,1973 859,1980 877,2010 921,1979 1078,1982 1097,1999 1123,1984 1163,1983 1235,2018 1288,1979 1331,2020 1382,1984 1412,2006 1465,2002 1501,1999 1689,2025 1724,2050 1753,2038 1822,2054 1831,2007 1782,1976 1740,1951 1691,1970 1647,1967 1557,1937 1502,1919 1451,1931 1386,1908 1362,1929 1349,1900 1288,1928 1256,1921 1222,1924 949,1918 903,1910 867,1917 849,1891 795,1914 651,1908 607,1895 574,1911 494,1902 450,1929 439,1890 260,1897"/>
                <Baseline points="272,1942 349,1945 426,1950 503,1953 580,1958 657,1960 734,1964 811,1966 888,1969 965,1970 1042,1969 1119,1968 1196,1970 1273,1973 1350,1976 1427,1981 1504,1990 1581,2003 1658,2015 1735,2027 1812,2040"/>
                <TextEquiv>
                    <Unicode>expediendum Euch auch In disem werkh ausfurlich Instruiren lassen.</Unicode>
                </TextEquiv>
            </TextLine>
            <TextLine id="tr_1_tl_23" custom="readingOrder {index:22;} abbrev {offset:32; length:2;} split_word {offset:68; length:4; continued:true;}">
                <Coords points="276,2055 308,2044 342,2053 419,2050 442,2068 474,2053 628,2056 654,2072 683,2059 844,2061 873,2085 906,2068 954,2064 978,2081 1020,2067 1127,2065 1209,2067 1309,2061 1428,2075 1450,2090 1486,2076 1600,2085 1693,2089 1732,2106 1750,2127 1789,2124 1820,2131 1821,2056 1724,2059 1687,2022 1633,2031 1590,2023 1543,2033 1482,2015 1411,2024 1381,2006 1314,2020 1291,1991 1227,2027 1147,2012 1044,2013 999,1983 896,2017 802,2011 730,1987 669,2014 581,2004 436,2005 355,1999 334,1958 279,1994"/>
                <Baseline points="286,2036 362,2033 438,2038 514,2040 590,2042 666,2047 742,2050 818,2053 894,2054 970,2056 1047,2056 1123,2056 1199,2058 1275,2060 1351,2063 1427,2068 1503,2076 1579,2078 1655,2083 1731,2091 1808,2108"/>
                <TextEquiv>
                    <Unicode>tempus pro nunc plura non partitur, weillen noch nitt alles von dem ange</Unicode>
                </TextEquiv>
            </TextLine>
            <TextLine id="tr_1_tl_24" custom="readingOrder {index:23;} split_word {offset:0; length:7; continued:true;}">
                <Coords points="239,2110 329,2107 352,2127 391,2119 657,2128 858,2147 902,2148 961,2147 1028,2153 1175,2138 1200,2155 1242,2140 1305,2145 1419,2162 1438,2176 1486,2160 1555,2155 1583,2170 1627,2172 1689,2167 1740,2174 1789,2185 1819,2134 1788,2127 1761,2133 1729,2123 1694,2095 1657,2091 1617,2097 1562,2083 1514,2080 1447,2107 1422,2083 1383,2080 1318,2084 1258,2083 1219,2085 1183,2061 1119,2065 1066,2075 1039,2092 983,2093 946,2090 916,2072 865,2092 836,2070 788,2071 722,2073 696,2082 650,2082 628,2065 598,2081 506,2074 478,2055 437,2075 408,2050 378,2067 336,2058 312,2043 270,2065 237,2047"/>
                <Baseline points="268,2096 344,2096 420,2100 496,2106 573,2112 649,2119 725,2124 802,2132 878,2134 954,2136 1031,2135 1107,2128 1183,2131 1259,2132 1336,2139 1412,2147 1488,2149 1565,2154 1641,2156 1717,2161 1794,2176"/>
                <TextEquiv>
                    <Unicode>langten Correo descifrirdt Ist, wie Ich oben gemeldt. Des Cardinal</Unicode>
                </TextEquiv>
            </TextLine>
            <TextLine id="tr_1_tl_25" custom="readingOrder {index:24;}">
                <Coords points="264,2218 347,2185 470,2198 494,2216 528,2206 574,2216 584,2232 626,2225 660,2231 674,2248 708,2225 845,2230 903,2236 950,2236 975,2246 1012,2234 1037,2255 1054,2258 1086,2237 1175,2228 1174,2280 1211,2281 1242,2242 1303,2244 1315,2263 1356,2252 1382,2247 1505,2252 1601,2241 1631,2253 1653,2271 1688,2256 1751,2256 1731,2280 1744,2302 1797,2275 1843,2289 1823,2199 1765,2187 1765,2157 1726,2177 1689,2167 1631,2201 1595,2201 1581,2170 1542,2168 1495,2193 1426,2192 1396,2174 1355,2190 1203,2187 1195,2150 1158,2159 1135,2179 1076,2182 1038,2152 987,2175 772,2175 690,2171 659,2132 566,2143 531,2135 502,2155 388,2125 354,2131 329,2123 266,2127"/>
                <Baseline points="273,2179 357,2177 435,2183 512,2193 590,2205 667,2216 745,2220 822,2224 900,2226 977,2228 1055,2226 1132,2227 1210,2228 1287,2232 1365,2236 1442,2236 1520,2237 1597,2240 1675,2244 1752,2251 1830,2274"/>
                <TextEquiv>
                    <Unicode>Collonna fleiß In promovendo Negotia graicht mir Zu absonderlichen </Unicode>
                </TextEquiv>
            </TextLine>
            <TextLine id="tr_1_tl_26" custom="readingOrder {index:25;}">
                <Coords points="274,2305 321,2289 383,2277 456,2271 705,2298 730,2327 768,2307 824,2308 961,2313 1065,2316 1106,2333 1160,2320 1262,2321 1424,2324 1551,2319 1584,2327 1763,2333 1773,2363 1801,2345 1825,2341 1835,2290 1801,2282 1766,2300 1746,2283 1739,2253 1688,2276 1640,2278 1610,2258 1448,2264 1375,2279 1276,2251 1234,2279 1171,2285 1167,2240 1132,2235 1098,2259 1077,2243 1045,2261 1020,2241 973,2255 894,2251 809,2227 763,2237 717,2231 674,2246 639,2235 606,2232 577,2237 441,2208 387,2202 286,2214"/>
                <Baseline points="302,2262 378,2256 454,2258 530,2268 606,2278 682,2283 758,2288 834,2293 910,2295 986,2298 1063,2299 1139,2304 1215,2307 1291,2310 1367,2310 1443,2310 1519,2312 1595,2314 1671,2316 1747,2320 1824,2330"/>
                <TextEquiv>
                    <Unicode>gefallen, wirdt nitt schaden, wann Ihr Ihm Nomine meo davor dankh</Unicode>
                </TextEquiv>
            </TextLine>
            <TextLine id="tr_1_tl_27" custom="readingOrder {index:26;} unclear {offset:13; length:4;}">
                <Coords points="280,2373 331,2398 352,2402 393,2350 474,2360 608,2368 633,2413 657,2372 732,2387 784,2378 920,2389 939,2403 978,2385 1011,2406 1046,2388 1107,2399 1133,2388 1190,2392 1215,2409 1247,2393 1313,2393 1390,2398 1422,2410 1449,2397 1464,2417 1498,2398 1575,2407 1619,2403 1779,2407 1800,2359 1758,2372 1757,2338 1573,2343 1548,2319 1501,2340 1448,2344 1426,2325 1354,2325 1317,2345 1119,2342 800,2322 741,2335 717,2312 654,2312 603,2294 563,2290 414,2295 359,2292 276,2305"/>
                <Baseline points="288,2352 362,2344 436,2344 510,2347 584,2354 659,2363 733,2368 807,2371 881,2374 955,2376 1030,2379 1104,2382 1178,2382 1252,2384 1326,2384 1401,2386 1475,2389 1549,2394 1623,2397 1697,2394 1772,2394"/>
                <TextEquiv>
                    <Unicode>Sagen werdt, quod etiam ego proxime per litteras faciam. Sein </Unicode>
                </TextEquiv>
            </TextLine>
            <TextLine id="tr_1_tl_28" custom="readingOrder {index:27;}">
                <Coords points="280,2456 796,2448 900,2454 904,2485 963,2450 1052,2452 1106,2452 1173,2452 1228,2444 1240,2464 1272,2457 1306,2460 1328,2479 1360,2465 1410,2467 1505,2468 1500,2495 1526,2492 1577,2469 1622,2467 1623,2495 1661,2480 1788,2465 1820,2392 1779,2411 1742,2418 1651,2426 1616,2404 1576,2419 1536,2420 1509,2404 1459,2428 1382,2404 1136,2401 1102,2410 1013,2408 855,2398 826,2370 759,2405 716,2404 660,2387 631,2421 617,2384 506,2365 424,2400 418,2350 370,2398 368,2366 280,2399"/>
                <Baseline points="298,2434 373,2429 448,2432 523,2440 598,2440 674,2440 749,2442 824,2440 899,2440 974,2443 1050,2444 1125,2444 1200,2450 1275,2451 1350,2456 1426,2458 1501,2462 1576,2464 1651,2470 1726,2471 1802,2464"/>
                <TextEquiv>
                    <Unicode>Statua, So Er den Konig regalirdt, muß wol schon gwest </Unicode>
                </TextEquiv>
            </TextLine>
            <TextLine id="tr_1_tl_29" custom="readingOrder {index:28;} textStyle {offset:6; length:1;strikethrough}">
                <Coords points="241,2524 1807,2538 1818,2450 1765,2471 1669,2481 1627,2498 1614,2470 1575,2480 1501,2493 1495,2471 1361,2473 1329,2479 1294,2469 1237,2463 1226,2448 1147,2462 1110,2451 1085,2452 1069,2471 1054,2450 1036,2450 1007,2467 987,2450 965,2450 903,2485 898,2453 570,2461 553,2450 533,2460 522,2441 490,2457 349,2461 330,2453 311,2453 276,2462 238,2459"/>
                <Baseline points="267,2508 341,2500 415,2502 490,2501 564,2502 639,2509 713,2507 788,2508 862,2508 937,2507 1011,2508 1085,2504 1160,2502 1234,2503 1309,2511 1383,2512 1458,2514 1532,2516 1607,2515 1681,2514 1811,2505"/>
                <TextEquiv>
                    <Unicode>Sein, aWie Es wol der abriß In Kupfer ausweisn thuet.</Unicode>
                </TextEquiv>
            </TextLine>
            <TextEquiv>
                <Unicode></Unicode>
            </TextEquiv>
        </TextRegion>
    </Page>
</PcGts>
