1944 2592
420 161 1718 347 Lieber grav Von Pötting. der Curir (welche Ihr ohn
404 273 1789 434 lengsten alher expedirdt) Ist nunhmero In Volligen despacho
378 364 1780 514 Vnd Solle Negst lengst Sontags oder Montags Von hier
406 453 1758 607 abreisen. Vnd weillen Ich per Illum In omnibus Euch gar
391 561 1762 704 ausfürlich Instuiren auch Eigehendig Ein vnd andes Erindern
367 669 1745 804 werde, als haldte Ich mich himitt nit auf Sonder schreibe
391 766 1837 916 dise Zeill, die ordinari Correspondenz nit auszulassen.
363 870 1789 1034 Ich befinde Mich Gott lob gar wol auf vnd habe gar
351 970 1837 1149 guette lust mit der Paisß, wie Ich dann bishero allein
387 1075 1828 1255 vber 40 Reigen gefangen. heutt Vor 8 tag habe Ich
369 1193 1841 1380 dem leßle den thoisen coferirdt vnd daß Collar
378 1303 1836 1469 geben. der Sec. Iung hatt die stell des Roy d'armes betretten,
366 1416 1827 1583 wirdt Von Seiner Verichtung dem Ordens officier schon bericht
362 1515 1798 1697 Erstatt. den tag darauff hatt gedachter lessel SEin En
367 1637 1823 1791 trada gemacht vnd die abschidts audienz genomen. Ist
360 1725 1809 1904 wol Zu sehen gwest. der pracht Ist Sehr gross gwest. Nun
384 1835 1740 1979 wirdt Ehr auf die wochen wirkhlich Von Wien abreißen.
351 1926 1804 2065 So Ich Vor diß mal Euch gnädigst nit Verhaldten wollen. Verblibe
336 1980 620 2119 beynebens
366 2020 1452 2195 Euch mitt Kay. hulden wolgwogen.
381 2110 715 2273 Leopoldt
1450 2013 1834 2190 Laxenburg
1477 2138 1791 2235 den May
1533 2222 1809 2317 13. 1665
274 2222 1707 2418 Iungste ordinari hatt mir Eur schreiben Von 8. Aprill gebracht,
305 2345 1735 2480 So Ich aber nur auf den Correo beziehet, So Ich Euch nur loco recepisse
1446 2442 1828 2493 melden wollen.
