1944 2592
334 112 1859 292 0 21 11 41 12 43 067 11 23 21 14 0 11 44 42 31 076 34 12 13 43 12 6
428 213 1847 325 31 11 42 12 23 31 11 41 0756 21 12 42 0 23 11 43 11 34 42 11 34 1 11 06, vnd
379 284 1851 443 Sonsten. habe als Es nit Improbiren Konnen. dises habe Ich Euch
362 385 1837 516 In disen Ende zu wissen machen wollen, Ut sis praeparatus, wann Man
345 473 1849 612 Etwas moniren thate. BB wirdt  AC ohnezweifel davon parte geben.
347 563 1835 690 daß Ist, Waß mir In Ein vnd andern Vorgefallen, Euch Zu Erindern. In
346 642 1792 789 vbrigen aber remittir Ich mich Plenaria auf die despachos aus der
323 721 1848 883 Cantzley. wnd von allet wollet Ihr, si Ita visum fuerit, den P. Neidt
328 817 1854 954 hardt communication geben, Ut ipse etiam suo loco cooperari possit
340 901 1852 1034 Es werden wider Einige reccomendationes pro Vellere aureo Einlauffen. Ma
325 1000 1851 1172 xime 43 14 34 41 13 41 43 0 plagt mich gar Starkh. Ich beziehe
303 1115 1841 1235 mich aber ad priora. Sonsten befinde Ich mich Gott lob gar wol
345 1195 1826 1334 auf vnd werde Morgen Mein Curam Maialem anheben. habe
356 1290 1847 1416 auch gutten lust Mitt der paiz et aliis aucupiis, allein der
341 1362 1833 1505 windt hinderdt Mich ziemblich offt. himit Ende Ich Vnd Verbleibe
320 1458 1224 1603 Euch mitt Kay. hulden wolgewogen
273 1544 732 1741 Leopoldt
1263 1456 1864 1613 Laxenburg, den 17 Maii
1716 1599 1826 1665 1665
