1944 2592
273 133 1737 310 oder Selbe gar verendern wie Euch Ratsamber bedunken wirdt .Inzwischen werde
270 236 1751 412 Ich mich wie In disen schreiben der 4i simpliciter gebrauchen, ohne Einmengung
258 333 1756 493 der wordt oder nominum. Von obigen allen die materialien der abrais bet.
250 428 1777 589 zweifle Ich nicht, werdt Ihr den P. Neidhardt parte geben, welcher gwis vill coorperirn
240 511 1338 643 Kan vnd Euch dessen hilfe Gar nutzlich Sein wirdt.
1374 557 1787 649 Sonsten befinde
226 572 1766 750 Ich mich Gott lob gar wol auf vnd werde Könfflichen Sambstag Ein
246 662 1701 844 Walfardt Nacher Vnsere lieber Frawen Zell antretten vnd Ein 10 tag
217 743 1824 888 auspleiben. Principalis Scopus huius meae peregrinationis Bm Virginem Invo
222 811 1814 921 care, ut meam dilectam Margaritam brevi et et salvam ac Incolumem ad
220 871 1632 1010 me peducere velit. Verbleibe Euch hiemitt Mitt Kay. hulden vnd
216 946 830 1120 genaden alzeitt wol gewogen
205 1022 624 1225 Leopoldt
1092 940 1748 1056 Wienn, den 24. Juny
1243 996 1789 1175 fiesta de S. Juan 1665
676 1183 936 1344 P.S.
299 1296 1814 1492 Ich habe Vergessen, Euch zu avisiren, daß nummher des Erzherzogs
300 1420 1715 1583 Sigismundt heurath mitt Sulzbach nitt allein Vollig geschlossen,
279 1536 1802 1691 Sonder So gar den 13. diß daß densposorio gehaldten worden Iam Iacta
283 1591 1661 1765 est alea, mann möge dazue Sagen, was mann wolle. Die
273 1678 1771 1830 hochzeitt Solle In principio septembris gehaldten werden. e questo Vi
300 1756 623 1877 basti per aviso.
