1944 2592
425 92 1854 313 dan Es Ia an deme Ist, daß durch die beförderung diß  oder Ver
365 197 1850 380 zögerung diser Raiß Vnsers haus aufnemen oder Ruin Kan
414 309 1869 479 Zu werkh gricht werden. 2do woldt Ihr alles specifice berichten, Was
381 405 1891 593 Eur Ein Ieder miniter In Specie geandtwordt hatt. 3. wold Ihr Von
384 536 1898 691 allen den P. Neidhardt communication thun, daß Er Seines ordts
387 616 1874 806 auch Cooperirn Könne. 4o. Muessen haldt alle obstacula (sint
401 740 1863 918 cuiusque generis) amovirdt werden, ne hoc magnum opus aliquo
386 824 1838 980 modo In difficultates ponatur. 5. hab ich resolvirdt, daß Zu mehr
400 911 1585 1082 appretirung diser jornada der graff Von
1475 941 1690 1066 harach
1472 986 1854 1084 mitt den
371 1021 1857 1190 joyas In 3 oder 4 tag wirkhlich Von hier abraiß. diß Ist, So
371 1117 1842 1295 Euch a parte Zue Erinern fur guett befinde. Remitir mich Sonsten
322 1228 1875 1428 In allen auf daß Ienige So In despacho der Canzley begriffen.
337 1325 1840 1520 mich Deicht, Es Sey alles darinnen. wollet alles anbefolhener massen
339 1435 1808 1585 exequiren vnd alsobaldt den Courir wider zurüch lauffen lasßen,
332 1505 1528 1666 Ut sciam, quid nobis faciendum sit. Ich habe Euch
1482 1532 1563 1620 In
1495 1570 1825 1694 main Iungsten
323 1606 1820 1784 schreiben auch Erindt, daß Ich main Mitt Euch habende Ziffer der
343 1715 1847 1858 Nomina secundum alphabetum Verlorn hatte. weillen Ich aber Seither
323 1804 1858 1981 In nachsuchen Selbe wider gefunden, alß habe Ich Ers Euch hiemitt
320 1911 1821 2094 wider Erindern wolln. Vnser Zeiller Raiß hatt Sich Verschoben
327 2002 1816 2194 wegen dises traurigen falls, hatt mich Erst In 2ten tag der Raiß
360 2106 1813 2330 angetroffen, bin also Straks Zurukh, weillen Vill In Ein ordtnung
337 2187 1801 2389 Zu bringen wegen des guberno Selbigen Landen. bin Noch
326 2308 1788 2486 resolvirdt, Solche Zeller Rais In august wider Zu Continuiren,
328 2372 1746 2565 Will hoffen, Sie werde nicht mehr Durch dergleichen accidentia
