1944 2592
340 166 1833 352 despensationis Vorüber vnd die Infantin nitt allein von Madrid abgeraist,
353 290 1803 443 Sondern gar erbarquirdt Sein wirdt. dann wer waiß 14 21 0 43 13 41 69 AB
340 426 1837 566 AF,  BL 6 44 43 41 6 11 23 5 23 12 44 14 43 DN 43 13 41 21 12 41 24 14 32 12 43 69
340 509 1840 661 21 12 24 412 43 678, tempus autem omnia docebit et  quidem brevi. Endtzwischen
328 590 1843 735 aber muessen wir allen fleiß anwenden, daß alles werkhstellig gemacht werde. vnd wie Ich
336 670 1841 805 Kürzlich bey Eignem Curir post Mortem Sermi in allen weittleüffig habe
334 745 1837 873 Euch instruiern lassen, als thue Mich vollig dahin berueffen willen Neben deme, waß
337 826 1837 955 bey diser ordinari auch durch die Canzley euch befolhen wirdt. 3o habe Ich gar
294 900 1836 1040 gern Verstanden, daß die Condessa de benevente zur Camarera mayor declarirdt
300 968 1812 1098 worden. vnd Ist wohl zu lachen, daß die Heril So Ein ardtlichen abzueg von hoff
313 1041 1833 1171 genomen wirdt. wann die andere guarda Mayor und señora de honor auch gutte
313 1105 1770 1227 weiber Sein vnd nit unruhig, So hoffe Ich wol mitt Ihnen auszuKomen, de
313 1181 1784 1325 Benevente 44 41 0 DD 69 plura Inferius ocasione alterius materiae.
312 1272 1847 1440 Waß 4to.  die 33 11 42 31 13 43 11 42 13 14 43 12 34 06 AH 42 14 41 24 11 0 CK anlangt,
328 1364 1835 1510 will Ich die fernere nachricht Erhaldten. In diser materi habe Ich vber Italien Ein
311 1460 1837 1601 anders schreiben  vor Euch von 9. Juny Erhaldten, so Ich hoc loco avisiren wollen
324 1561 1841 1730 44 43 41 69 21 13 24 41 6 41 12 33 498 DL 34 12 13 43 12 65 21 / 23 / 12 / 43 / 41 / 22 / 41 / 21 / 31 / 2 / 4
338 1635 1827 1799 3 / 4 4 / 3 3 / 1 1 / 4 1 / 1 43 41 11 32 0 42 14 33 33 12 43 0. 5o 41 12 43 22 24 13 41 12 43 33 13 41 68
276 1723 1822 1886 CY 21 12 41 24 12 22 12 24 34 0 33 44 12 34 BL 42 12 13 43 22 23 12 13 34 06 34 21 11
358 1807 1827 1946 24 12 43 34 14 07 21 14 23 21 12 23 AB 11 23 34 DN 41 11 43 43 31 12 13 24 44 14 43 65
321 1871 1807 2063 68 CK 34 11 23 44 34 44 12 33 07 24 44 13 43 11 06 31 11 43 32 12 43 41 31 44 12 41 6590
321 1915 1726 2102 6o die operationes des Caracena anlangendt Wollte Ich wünschen, daß guette
338 2020 1812 2192 progressen geschahen, aber Es hatt Kein Rechts ansehen dazue. weillen Es doch
347 2105 1816 2247 allwail Etwas geben wirdt vnd Ich gar Vill beKandte officier darinnen habe,
357 2161 1719 2298 also  wollet Ihr alzeitt Euch ErKundigen Vnd mir berichten, wie Ein vnd der
365 2201 1807 2393 andere sich verhaldten thue. Vnder andern Ist vnder den Carrafischen Regimendt
343 2267 1803 2478 zu Pferdt hinein Ein Iunger Von Hochenfeldt, möchte wol wissen, ob Er noch
339 2337 1772 2520 darinnen vnd wie Er sich verhaldten thuet, dann Er mein Knab gwesen, aber
355 2396 1252 2569 propter certas  Causas von hoff wegkh muessen. Ich habe auch 7o aus
