1944 2592
372 111 1725 301 Lieber graff Von Potting. aus Eur schreiben Vnd relation Von 2ten
344 243 1722 403 Iuli habe ich mitt Zimblicher besturzung den vblen success der Kön.
382 334 1713 485 Waffen gegen Portugall Verstanden. weillen Es Gott also gefallen,
352 425 1723 572 So muessen wir Vnß Seinem willen Vollig Vndergeben. diß
342 523 1720 670 aber scheindt, daß Gott muß mich vnd den Konig wol lieben, dann
327 596 1727 759 DEUS Visitat tribulationibus, quos amat. fiat eius Voluntas.
325 667 1770 805 Wann doch die spanier Nur Einmal Wizig wurden Vnd Considirdten,
325 746 1758 884 daß Sie Mitt diesen Krieg nix Gewinnen, Wol aber Vill Verliren
343 847 1780 998 Können. Iezo war Zeit  68 41 11 34 60 AB 44 43 41 34 12 13 43 12 DN 67
355 931 1750 1071 13 31 24 12 33 11 42 34 13 33 11 34 06 44 12 24 12 43 41 2 24 41 12 34 06 44 43 41 65
340 1014 1793 1173 22 24 13 41 0 33 13 41 8 CY 34 42 31 23 13 12 34 34 12 41 12 43 685 BL 34 14 23
343 1074 1785 1270 23 12 6 31 13 12 42 42 44 12 41 11 34 33 13 32 23 13 42 31 13 34 41 12 69 42 14 14 9
342 1157 1727 1297 21 12 24 13 12 24 12 43 0, Ut desidederatus effectus sequatur. Wirdt mir gar
323 1219 1781 1364 lieb, wann Ihr mir avisiren werdt die mehrern particulariten Vnd die anzal
319 1291 1780 1453 des Verlust, auch wie dem König dieser golpe Zu herzen gangen et his
322 1360 1783 1505 similia. Vmb den Michael Rabatta Ist mir wol herzlich laidt, dann
317 1404 1767 1590 wir fast mit Einander auferzogen worden, vnd hette wol Eine guette reuscita
314 1504 1774 1659 gemacht. aufs wenigste hatt Er Sein leben glorios geendigt. Soldten
307 1604 1707 1762 ferere Kriegsoperationen beschehen, So hieldt Ich Vor guett, daß Ihr
1653 1601 1736 1648 mitt
1659 1631 1778 1738 Ein
324 1703 1788 1842 officier Euch vergleichet, So stette Correspondenz mitt Euch furen thete, Vnd
309 1800 1755 1945 Wann dis Ein theütscher, wer Es Wmb So Vill besser. Ich wolldte auch
303 1890 1771 2028 gern Wissen, waß Vor Vnder officier Von teütchen gebliben Sein, absonderlich
311 1960 1776 2092 ob Vnder den 5 Rittmaister Von olim Caraffischen, lezlich aber Rabat
331 2024 1783 2177 tischen Regimendt, So gebliben Sein Sollen, auch Ein grav Von Solmbs
360 2111 1757 2250 begriffen, Vhie auch der Von hohnfeldt, Von welchen Ich euch ohnlengst
319 2178 1751 2324 geschrieben. Waß diß anlangdt, Sehe haldt, daß Vnser teutche am maisten
321 2259 1730 2388 eingebuest. quare? Weillen Sie am langisten gefochten Vnd zum
337 2339 1726 2470 lezten ausgerissen Sein? Diß Ist Ein Stukh, So Vil vble Con
1476 2399 1739 2471 sequenzen
