1944 2592
376 74 1800 270 des lesßl Reiß gehet Wol Von statten, Vnd habe Ich mich auch Endtschlosßen
381 146 1748 321 pro consolation der OO v. VO lande Eine Reiß In tyrol Zu thuen.
391 252 1732 410 Werde den 10. 7b. Von hier abraißen, den ganzen 8ber
384 332 1794 511 alda Verdbleiben, den 26. 8b. die huldigung Einnehmen vnd darauff
390 422 1783 581 den 3. oder 4. Novemb. Wider ab- vnd haimraißen. habe Euch also
373 494 1793 695 Von disen allen parte geben wollen, damitt Ihr Es Gehörigen ordten auch
351 595 1798 749 participiren Könnet. Negsten Erchtag Werde Ich maine Zeller Reiß
361 669 1804 823 andretten. So Ich Euch gnädigst In Ein Vnd anderen nitt Verhaldten
364 762 1308 908 Wollen. Verbleibe Eur gnädigster Herr allezeitt
351 858 766 1046 Leopoldt
1378 768 1801 952 Wienn, den 5. aug. 1665
355 1042 1786 1190 den vblen success aus portugall hatt der gramonville Vmb 10 tag
364 1135 1796 1267 Eher alhier gesagt, Weillen aber brief Von la fuente Vorhanden
340 1239 1805 1339 Waren, worinnen Er Nichts davon meldete, als hatt mann nitt glauben
323 1310 1828 1475 wollen. Es Ist aber laider nur gar Zu war gwest. Von Des graff
314 1376 1754 1544 Ferdinandt Reiß haben wir die nachricht, daß Er schon Meylandt
317 1477 1781 1616 passirdt Seye, obwolen Ich Keine schreiben Von Ihme habe. Er hatt
309 1565 1809 1722 auf Daß Verlangen, Von Ihm Etwas Zu Verstehen, mich monirdt
282 1635 1755 1842 Ihme diß beyligendt brieffl Zu Zuschikhen, Welches Ihr Ihme
343 1733 911 1925 Einhendigen wollet.
