1944 2592
487 181 1818 349 schon allda Eingelangt Sein vnd die joyas verliefferdt haben
538 289 1860 417 Casu Wann Er noch dordt wer, woldt Ihr ihm beyligendes handt
460 343 1858 501 brieff Einhendigen, In welchen Ich Sein schreiben, So Er Von Maylandt
464 418 1813 544 vnd genua An mich gethan, beandtwordte. Das BM
462 497 1860 623 wieder Einisten wolle, Ist Von grosser Importanz, wirdt daher BL
446 591 1868 715 Mitt BZ 44 43 41 23 13 34 14 23 11 06 bey AC vnd andern ordten
450 686 1825 821 woll Invigiliren muessen, Ut tela praevisa minus feriant.
452 780 1870 941 Ich bekhen Es, Ich besorge, in hac materia Sey BN nitt recht löttig,
472 874 1860 1043 tamen dissimulare debemus. In vbrigen So vill habe geschehen Könen,
449 996 1841 1140 hab Ich Euch aus der Canzley auch beandtwordten lassen, ad quas
448 1089 1849 1244 me remitto. Sonsten werdet Ihr aus meinen Vorigen Ersehen haben,
455 1205 1773 1344 daß Ich mitt dem Medina accertirdt habe, In deme Ich mich
456 1312 1851 1450 resolvirdt, den 10. 7b. Von Wien Wekh Vnd In tyrol Zu begeben,
458 1381 1833 1516 alda aber Zu Wardten bißVnd die hochzeit Zu Vollbringen, multae
447 1484 1848 1635 Vetant considerationes, quae Vobis Ut prudenti facile occurent.
411 1557 1832 1698 Werde also Vber 4 oder 5 wochen nitt vber bleiben, alweil daß
418 1648 1564 1749 In Wündter oben gar abgeschneit zu Wohnen Ist.
364 1719 1770 1878 Sonsten ist Mein Zeller Reiß gar wol Von statten gangen.
384 1838 1818 1976 In anfangen habe Ich mich con Vne desconcierto was vber auf befunden,
411 1938 1801 2065 Ist aber baldt besser worden. vnd Weillen heütt Mittwoch Ist Vnd die
395 2037 1747 2160 post Morgen Frue Won Wienn wekh gehet, also thuen
406 2129 1746 2272 Wir alhie schreiben, Weillen Ich heutt wegen Eins Iagens alhie ohne
419 2207 1763 2366 diß Still lige. Womit Ich Euch Mitt beharlichen Kay. hulden alzeitt Wol
424 2270 845 2391 Gwogen Werbleibe
489 2336 736 2480 Leopoldt
1061 2314 1768 2438 Kloster heil. Kreitz, den 19. augusti
1637 2424 1783 2506 1665
310 719 456 2492 Es ist heüer zu Zell Ein Solche quantitas peregrinorum gwest, maxime In festo assumptionis,
260 700 385 2474 In quo ego etiam aderam, daß nit zu Sagen. Vmb 4 hatt Man die Kirche geöffnet,
223 708 335 2500 Vmb 5 Vhr hatt Keiner mehr platz gehabt, haben die maisten muessen auf den Kirchhoff gespeist werden.
