1944 2592
294 62 1840 237 So Ist wol Nit wenig FrembD zu bedrachten, daß der Medina praeterirdt
316 156 1838 330 worden Sey. Ich Kan aber Euch Wol Sagen. 41 11 34 06 AF 34 42 31 14 43
320 260 1803 385 44 14 24 0 32 12 24 11 44 33 12 24 0 42 12 13 41 06 gwust hatt, daß
318 296 1798 474 diß geschehn Solle, allein omnia sub fide secreti. vbrigens wer Ich wol
281 392 1711 533 gern haben, wann Ihr mir Ein copy Von guett ganzn testament
265 469 1746 608 schikhen Kundte. Der Konigin woldt Ihr Ihn mein nahmen condoliren
257 557 1829 718 vnd Sie nur gleiff adhortirn, daß Sie Sich des governo recht annemben
257 628 1769 754 Solle. wirdt auch nit schaden, wann Ihr debito loco suggerirten,
253 694 1845 853 das mann allen electoribus Impery y a los prencipes d' Italia parte
209 776 1843 914 gaben Von disem traurigen falle. Vnd weille Iezo alles Ein neues
227 843 1799 973 govierno Ist, So main Ich wol, werdte daß beste Sein, wann mann So,
209 920 1846 1083 Vill miglich Ist, neutral bleiben wirdt. Vnd weill der Cardinal arogona
215 983 1828 1150 baldt hinein kombe, So wirdt bono publico Sehr Vertraglich Sein,
233 1061 1799 1198 Wann Ihr mitt Ein guette Confidenz haldten werdet. Vnd Es Ist
213 1149 1829 1296 gar Vonethen, daß mann mitt disen leütten Selbst personlich handle,
209 1229 1791 1358 dann scripto o per terzeros last Sich nitt alles thuen. Vor allem
221 1285 1788 1416 aber wirdt BZ Iezo daß maiste thuen muessen, doch also daß
203 1378 1789 1513 Er Sich gar Zu suspect mache, es wi wirdt daher hochvonethen Sein,
207 1454 1818 1616 Wann BL alles muett BZ communicirn werdt. Ut omia unitis viribus
205 1534 1799 1666 promoveantur. Weillen auch Iezo status rerum Sich Zimblich mutirt
221 1597 1791 1720 hat, also wann Es Vonethen, andere verba zugebrauchen, So kondten
235 1668 1825 1822 Etlich Vermerkhen Vnd In alphabeat D Vnd E, So Es Vonethen,
275 1745 1778 1903 Continuiren. Ich Kan mir wol Einbilden, der Konigin werde
284 1827 1745 1957 Es schwer fallen, aller last Zu dragn, cum non sit asueta
290 1906 1782 2049 His laboribus. doch muß Sich Sie Vberwindten, Wie Ich Ihr
274 1975 1732 2146 Ihn mein schreibn Sie wol dazue anmahnen thue. Vnder disen
281 2059 1772 2239 Zeitten habe Ich auch durch dise post Eur schreiben Von 9. 7b.
270 2129 1666 2294 Empfangen, auf welchs Ich nichts Zu andtwordten habe, als
278 2227 1816 2380 daß 41 12 34 08 41 14 43 0 32 11 34 21 11 24 34 06 31 12 24 44 34 86
272 2308 1805 2465 34 12 43 41 44 43 32 06 11 44 22 067 11 23 23 12 21 12 13 34 08 42 42 44
286 2393 1803 2522 44 12 24 31 13 43 41 12 24 34 0 13 34 41 0, doch also caute 43 12 806
