1944 2592
337 181 1742 388 Lieber graw Von Pötting, Ich habe 3 Euer relationes Empfangen,
380 276 1646 433 die Erste Von 18. 8b. durch Euren secterarium Erasquin, welcher den
375 374 1729 537 29. 9b. alhir angelangt Ist, die ander von 5ten durch die Ordinari
363 481 1640 611 die 3te von 9. Nov., So Ihr durch Ein Courir geschriben Zu haben
342 569 1631 674 Vermeldt, auch durch die Ordinari, weillen Ich Erachte, daß Selber
340 637 1645 746 werde Sein Zu brüssel aufgehaldten worden, auf welche alle Ich
335 703 1694 848 Nachfolgender wais Vnd Zwar ad memoriam punctatim andtwordten
352 787 1714 922 thue. Vnd graicht mir Vorderist Vnd 1o Zu absonderlichem gefallen
347 872 1701 1004 Euer fleiß Vnd Sorgfaldt, auch das Ihr den D. Martín Eigen habt
332 954 1715 1097 wollen heraus schikhen. Ich habe Ihm Zwar schon Ein audienz gehabt,
350 1048 1654 1177 wir haben aber nach dato wenig materialia angedretten, weilen
332 1124 1708 1249 Sein Instruction Sogar lang alß Vor 3 tag Vnd also Eben, als Ich
337 1198 1734 1325 auf Neüstadt graidt, descrifridt worden. Izo werde Ich also alles anhören,
336 1282 1640 1392 hernach Erwegen Vnd Mich vber alles resolviren. 2do Ist mir copia
352 1367 1678 1509 testamenti Regii gar lieb, habe Selbig wol fleissig vberlesen,
368 1428 1748 1547 finde gar Vill notabilissim darin. Ingleichen Sein wir 3o 41 12 34 0
355 1533 1680 1673 33 14 43 41 12 42 31 11 24 0 BL 68 gegebne schrifften gar angenemb
336 1624 1678 1750 gwesen, wirdt nitt schaden, Wann Ihr Ihn verers cultivieren werden,
362 1703 1674 1820 dann was solche nitt allein nichts schaden, Sonder Wol vill
356 1768 1727 1909 nuzen Kan. Vor allem aber hatt mich 4o hoch consolirdt, das
366 1860 1586 1994 mann da dovero Zu Sachen thuet Vnd alle praeparation
347 1935 1701 2078 macht Zur Infanta abrais. woldt gleichwol cautive Insistirn, daß
372 2029 1612 2179 alles Zu werkh gesteldt, ne resolutio reginalis In minimo
380 2102 1713 2267 differatur, Vnd Von allen mir ausfurlich parte geben, damitt mann
380 2183 1671 2331 alhir Sie auch darnach richten können. Ich habe aber guette hoffnung
368 2253 1716 2410 vnd weil die Endrega de las ioyas diser materi anhengig Ist,
329 2336 1751 2479 also beziehe Ich mich auf die Canzleyresolucion. Seze nur daß
1482 2415 1666 2462 dazue
