1944 2592
462 121 1877 267 daß wann Ihr Sehet, daß Königin Vnd ministri kein difficuldteten
460 202 1814 318 machen, Selbe anzunehmen, Vnd Ihr dessen gesicherdt Seiett, Ihr Es
426 282 1872 424 In gottes nahmen außliffern lasset, Wofern Ihr Kain anders haubt
436 376 1860 492 bedenkhen dawider hett. habe auch In diser particulari den graven Von
404 449 1878 569 harrach Vollig auf Euch gwisen. Was nun 5 anlangt, 41 12 34 06
412 536 1866 681 AH 06 33 11 42 31 13 43 11 42 13 14 43 12 34 0 44 43 41 068 23 44 34 41 06
431 617 1848 757 42 42 44 12 41 12 43 06 42 24 13 12 32 06, So hatt mir die Konigin
384 699 1765 824 In dieser materi geant geschriben, wie Ihr neben dem, was Ich
377 767 1836 908 geandtwordt, Von der Cantzley werdt Zu Empfangen haben werdt, Wohin
372 845 1807 968 Ich mich Vollig beziehe, Und allein Euch diß Erindere, daß nitt schaden wirdt,
370 907 1832 1035 das Ihr Vertrawen den D. Blasco de loyola an die hand gebethen, das
380 983 1856 1115 wann Sie Solche gehaimben Sachen schreiben thuen, Sie Sich der gehaimben
396 1033 1845 1180 Ziffern bedinen Sollen, welche der Kon. Seel. alzeitt gebraucht
360 1113 1809 1253 hatt. ad rem aber Ipsam wol waiß Ich Ia Einmal kain besseres
399 1186 1877 1379 Mittel als mitt 6 BY 12 13 43 0 22 24 13 41 12 43 06 14 41 12 24 12 13 43
424 1275 1867 1458 067 41 24 12 42 44 11 06 42 42 44 12 069 33 11 42 31 12 43 06, dan auf
417 1335 1847 1532 diß folgete 0 12 13 43 23 13 32 11 06 33 13 41 41 08 AQ 06. Woldten also
389 1410 1800 1602 diß fleissig Vrgirn, dann Einmals Es Ist Sonst alles Voller grosser
404 1480 1842 1678 gefahrn. 6o haldte Ich Ia Einmal Vor hochnotwendig, daß dermals
430 1554 1706 1721 Ein spanischer Potschaffter an Meinen hov Kome, woldte also
381 1645 1779 1839 Instantissime darauff dringen, dann Ich Es höchst Verlange.
399 1736 1747 1906 Verhoffe, die Konigin mir diß nitt abschlagen werdet, woldt Es bey Ihr
405 1837 1805 2000 sollicitieren Vnd mir von allem relation Erstatten. Was 7o anlangt,
415 1909 1764 2066 daß Vnder Euch Vnd dem lisola Einige misverstandt Sich Erhebt,
403 1980 1714 2123 Ist mir wol laidt Zu vernemen gwest. Will Euer rationes aus Euer
415 2051 1736 2203 relation mitt mehrern Erwegen Vnd Sodann Mich weitter Resolvirn.
402 2112 1721 2283 Ihr werdet mir aber wol Ein gwaldtig gefallen thun, Wann Ihr Sehet,
381 2187 1740 2350 das So Voll miglich Es In bonis mitt Einander bleibet. Ich werde
337 2262 1530 2446 gegen Euch mitt absonderlichen gnaden gegen Euch Erkhennen.
