1944 2592
413 237 1735 388 lieber grav Von Pötting. dise Niderlandische post hatt Keine spanische
425 328 1672 466 brief mittgebracht. Vnd schreibet der langenberg, daß Sie am 7. oder
419 407 1672 557 8. dis noch nicht Zu brussel angelangt. habe also Vor dißmal wenig
385 505 1744 649 Zu schreiben. Morgen werden die brief Komben, Kan also nit andtwordten als
392 597 1717 712 vber 14 tag oder bey den D. Martin, wann Er expedirdt wirdt. vnd weillen Ich
350 670 1692 805 Ihne gnendt, So Erinder euch Ich, daß Ich Ihm Etliche mal angehördt Vnd
392 755 1740 859 alle genuegesame Information Von Ihm bekhomen de statu moderno
376 843 1715 945 aulae Hispanicae. Iezo bin Ich werkh, Seine angebracht puncta Zu deliberiren
365 913 1718 1023 Vnd werde So baldt miglich Ihme wider Zurukh abferdtigen. Was Sonsten
383 972 1725 1083 aniezo Vor Kombt, werdet Ihr Von der Canzley Komben, So Zwar gar nicht
332 1046 1769 1175 Vill Ist. Sonsten wirdt Von allen ordten gar Vor gwis bericht, daß 41 13 12 06
369 1133 1775 1309 24 44 21 41 44 24 67 43 31 13 13 43 41 12 24 AH 12 41 89 AQ 32 11 43 42 42 89
373 1206 1750 1356 32 12 41 13 34 13 34 41 0. Ist dis Zaitung war, So Kan Es vor CK nitt gar vbel
374 1271 1754 1423 Sein. alhir Erwardt mann taglich den Conte Carlinfordt. Was Er anbringen
369 1339 1694 1455 wirdt, Stehet Zu Erwardten. Sonsten Sein wir alle wol auf. Vnd weillen mir Vor
376 1404 1710 1553 dis mal gar Kein mehre matery forfeldt, also Ende Ich Vnd Verbleibe
373 1481 1084 1630 Eur Mitt beharlichen genaden wolgwogen
374 1534 681 1729 Leopoldt
1139 1484 1649 1612 Wienn, den 23. xb. 1665
