2501 3668
64 46 617 377 Duplicat
260 366 2328 726 Lieber Graff von lamberg. Aus Schreiben von 30 Jan.
300 610 2320 899 hab Ich wol vernommen, daß Ihr noch ferren Instantien
352 764 2432 1044 wegen des Ob. Cammerer ambt thun wolln. lieber lamberg,
318 924 2329 1193 Eure treye lange dienst vnd die affection, so Ich zu Euch
355 1101 2465 1351 alß mein primo Ayo tragen, haben mich darzue gebracht,
340 1240 2290 1492 daß Ich Euch hiemit versichere, das (Im fall gedachtes
343 1366 2308 1701 ambt vber khurz oder lang soll vacant werden) khein
358 1546 2253 1778 anderer alß Ihr dasselbe haben werdet. Allein weillen
352 1706 2268 1979 mir vil daran gelegen, daß diese meine Euch gegebne
358 1845 2258 2140 versicherung noch der Zeitt In der Stille bleibe,
373 2024 2431 2270 also wollet Ihr es ganz geheimb haldten. Vnd Solle
352 2178 2402 2437 also kheiner vmb dise Sache wissen, alß Ich, Ihr vnd
376 2325 2451 2582 der graff von Portia. Vnd verbleibe Euch allezeitt
364 2517 2411 2795 mitt allen khön. genaden vnd huldten wolgewogen
352 2642 742 2879 Leopoldt
1525 2630 2460 2896 FFurdt, den 22. Merzen
2224 2809 2442 2928 1658
