2702 4028
254 220 2464 529 Lieber lamberg. Ich hab 2 Eure brieff zu recht erhaldten,
276 453 2345 653 den ersten von 1. May, worinnen Ihr erinnerdt, daß der
268 600 2372 857 Konig Sein Testamentum renovirdt hatt, den 2. von 8. dit
275 720 2520 978 darinen Ihr berichtet, da der Konigin hoffnung noch continuire,
279 870 2630 1135 aber daß Ihr May. der khonig etwaß vbel auf waren am Sandt.
335 1050 2576 1279 gott sey lob, daß es schon besßer Ist. Wir befünden unß gott lob
288 1217 2411 1439 gar wol auf, aber die Pfaffen Coln vn Mainz trillen
291 1355 2341 1570 vnß greülich vnd schiben die wahl Insenbilmente sehr auff.
279 1511 2449 1732 In Summa, es gehet dahier nit zue, wie es Sein Solle.
291 1673 2392 1885 der Portia Schreibt di particularia. Io non le scrivo,
285 1796 2341 2052 perche son già si stuffo da queste minchonerie, che
297 2032 789 2178 non mi In curo
456 1970 856 2067 me ne curo
789 1987 1564 2179 più. undterm dato
1893 2005 2655 2196 Ist auß der Canzley
288 2123 2673 2387 Ein handtbrieffl an Euch (dessen copia hiebey khompt) abgangen,
309 2305 2678 2523 So den graff Adam von trautmanstorf zu thoson reccomendirdt.
284 2431 2443 2675 Ich habe müesse thuen per liberarmi d'impaccio di quel matto.
312 2596 2571 2832 Ihr khennet Ihn wol, ob Seine qualiteten also beschaffen, daß
303 2749 2683 2984 er den thoson meritire oder nicht? also werdet Ihr Eur Negotiation
297 2921 2422 3146 schon also anzustellen wissen, daß es recht sey. Mein
282 3069 2546 3299 Ernst Ist nit, In zu reccomendiren, habe aber thun muessen,
288 3246 2604 3478 hinfüro aber vnd einmal für allemal, wan solche reccomendationes
297 3369 2508 3637 mehr vorkhommen, werdet Ihr es nit Eüfferig treiben, es seye dan,
306 3528 2606 3742 daß ich es von Eigner handt in disen meinen Particular brieffen
300 3651 2598 3845 Euch absonderlich befelhen thethe. vnd verbleibe Im vbrigen alzeitt
303 3757 1311 3931 Eur gnedigster Konig vnd herr
395 3862 4027 4027 Leopoldt
1441 3779 2507 3949 Frankhfordt, den 8. May Iuny
154 2230 350 3702 PS: die hiebey khomende schreiben werdet Ihr
52 2391 232 3257 schon zu vberliffern wissen.
