2428 3742
38 579 2281 756 Lieber Graff von lamberg Auß Euren lezten Schreiben hab
41 715 2215 904 Ich beeder Majestäten guette gesondheitt gar wol verstanden. Ich
40 844 2185 1076 befünde mich Gott sey lob auch gar wol auf, aber habe allerley
61 1028 2266 1225 Mukhen In khopf wegen des bekhandten Negoty, daß bleibt noch
43 1167 2227 1364 ganz In alten terminis, also daß Ich nichts darvon Schreiben Kan.
81 1304 2253 1516 Schliesse Eüch Ein Schreiben an Ihr Majestät Konigin hiebay vnd
26 1466 1647 1674 verbleibe Mitt khön: gnaden Wol gewogen.
61 1628 510 1830 Leopoldt
1668 1500 2356 1626 Praag, den 23. Augusti
2235 1564 2388 1671 1657
