2470 3598
310 358 2309 634 lieber lamberg. S Auß Eurem Schreiben von
345 562 2424 791 5. passato hab Ich die Noch continuierende glukh-
330 680 2407 954 seliege khindtbett Ihr Majestät der khonigin verstanden.
299 855 2320 1075 Wir befunden vnß alhie alle gar wol auf
302 1003 2276 1229 vnd werden zukhonfftigen Montag alß den 28. diß
314 1166 2075 1418 von hinnen Nach FFordt verreisen.
284 1322 2292 1557 Gott gebe seine genadt darzue. verbleibe
252 1471 2355 1755 Euch In vbrigen Mitt Kön. huldten wol gewogen
268 1620 769 1915 Leopoldt
1397 1663 2348 1849 Prag, den 23. Jenner
2186 1816 2377 1913 1658
