2475 3679
235 192 2352 424 lieber von lamberg. Ich hab 3 brieff von den datis 10., 17., 24.
267 367 2287 567 elapsi zu recht erhaldten vnd daraus beeden Majestäten vnd durchlauchten guetten
254 510 2413 724 gesondheit absonderlich gern vernommen. Ich wolte, daß Sich vnsre
254 684 2389 869 g 3 6 5 s t 4 fa l 5 c 2 h 3 c 9 r go f 9 r s 6 t 3 8 n AI 3 6 t AK So leicht bekherdten,
240 826 2322 1010 alß daß khonigrich arda, vom deme Ihr mir Schreibt, So wolten wir
113 972 2270 1172 baldt von hier sprigirdt werden, es gar So argschnech zue, daß
240 1131 2424 1326 Einer Schier onhmechtig wirdt. In Summa  r 3 s 4 gli n 7 s 6 t 2 r 1 3
254 1293 2279 1488 5 n fo m 1 glo l 7 s 6 t 1 4 t 8 9 pa 9 3 r po s 1 n 6 t 9 r. neulich Ist alhie Ein
278 1431 2430 1658 schene histori geschehen, In deme Chur heidelberg In collegio et praesentia
275 1588 2421 1804 omnium electorum vnd der abwesenden gesanden dem Khur bayrischen votanti
38 1677 405 1820 vnd gesandten
198 1744 2428 1934 den öxel das dintenfass Ins gesicht geschmissen hatt. vnd were haldt
278 1914 2381 2098 daß öxel khein öxl Sonder Ein Stier oder eselein gewesen, So hett es
251 2063 2422 2273 gewiß nit gelitten, Sondern hett mitt hernern oder anschlagen Sich
284 2225 2261 2387 wol gewerdt, aber es war fürwar Ein fromb öxl. non c'era
259 2357 2254 2572 questa un bella paceria In presenza di tutti li ssri Elettori.
254 2541 2263 2722 Inn vbrigen darf Ihr Euch gar nit bedankhen vmb die genad des
259 2694 2326 2857 Ob. cammersambt, dann Ihr hatt es wol merirdt, bin auch Eures
300 2840 2393 3046 silentii vnd sonsten aller treü wol versicherdt, verbleib Eüch auch
265 2994 1843 3200 derohalben mitt allen Khon. huldten wol gewogen.
275 3146 682 3397 Leopoldt
1843 3014 2448 3212 FFrdt., den 25. Maii.
2294 3129 2446 3254 1658
