2680 4032
239 406 2460 721 Lieber lamberg, mitt occasion, daß Mein Camerer der
267 593 2419 849 don Gaspar Teves hinein reist, hab Ich Euch notificiren
263 740 2449 951 wollen, daß die wal auff den 18. diß, So heütt vbr tag
271 869 2591 1124 Ist, bestimet Sey. gott gebe sein Segen darzue fam
252 1006 2549 1291 c 1 p 5 t 9 l 1 t 5 7 n gli 5 s t z w 1 r fam s 3 h 6 r h 1 r 4 2 t, aber
262 1198 1056 1357 wann nur di wal
1005 1155 1232 1263 baldt
1055 1167 2603 1373 geschiht, so last Sich alles noch verschmerzen.
251 1290 2271 1513 Vnd Verbleib allezeit Eur gnädigster Konig vnd her
318 1473 1110 1789 Leopoldt
1909 1363 2640 1545 FFurdt, den 11. Julii
745 1710 1359 2047 P. S.
435 2008 2577 2278 Ich hab Euch den don gaspar In specie nit reccomendiren
450 2113 2466 2331 wollen, weilen er Ein Spanier Ist, So wirdt ihr ihm
312 2248 2401 2537 Schon Selber helffen Konnen. Sonsten Ist er
312 2379 2513 2671 Ein guetter cavaglier vnd Sein Vatter, der Marches
348 2535 1654 2763 dela fuente, thut guett dienst.
