<?xml version="1.0" encoding="UTF-8" standalone="yes"?>
<PcGts xmlns="http://schema.primaresearch.org/PAGE/gts/pagecontent/2013-07-15" xmlns:xsi="http://www.w3.org/2001/XMLSchema-instance" xsi:schemaLocation="http://schema.primaresearch.org/PAGE/gts/pagecontent/2013-07-15 http://schema.primaresearch.org/PAGE/gts/pagecontent/2013-07-15/pagecontent.xsd">
    <Metadata>
        <Creator>Transkribus</Creator>
        <Created>2025-10-07T15:58:42.547+02:00</Created>
        <LastChange>2025-11-29T13:15:23.512+01:00</LastChange>
        <TranskribusMetadata docId="11132745" pageId="104004463" pageNr="18" tsid="263254650" status="GT" userId="14631" imgUrl="https://files.transkribus.eu/Get?fileType=view&amp;id=JEBWUBVIIHWVIYPWDVDILQVI" xmlUrl="https://files.transkribus.eu/Get?id=MKECEVYRUYCJGVSHVKRGQAOR" imageId="87275383"/>
    </Metadata>
    <Page imageFilename="0018_HHStA, GK, K. 33.1, Buch 1662-1665, fol. 28r.JPG" imageWidth="1944" imageHeight="2592">
        <ReadingOrder>
            <OrderedGroup id="ro_1765532843374" caption="Regions reading order">
                <RegionRefIndexed index="0" regionRef="r"/>
            </OrderedGroup>
        </ReadingOrder>
        <TextRegion id="r" custom="readingOrder {index:0;}">
            <Coords points="243,422 1776,422 1776,2520 243,2520"/>
            <TextLine id="r_tl_1" custom="readingOrder {index:0;} corrected {offset:59; length:1;}">
                <Coords points="310,499 374,423 391,442 400,481 430,475 462,456 519,418 535,434 550,469 580,469 610,467 640,465 670,465 701,454 737,455 760,467 790,465 820,473 850,471 902,446 943,452 965,457 970,471 1000,473 1030,475 1060,479 1090,479 1120,479 1150,485 1180,485 1210,487 1240,489 1270,489 1302,474 1330,491 1360,493 1390,495 1420,495 1458,481 1480,501 1507,482 1541,523 1570,505 1600,507 1630,509 1664,509 1638,557 1630,559 1589,592 1578,567 1556,573 1516,562 1489,564 1450,551 1425,570 1396,554 1370,572 1337,561 1300,548 1243,565 1220,566 1210,537 1180,535 1154,543 1130,541 1094,544 1065,536 1033,538 1005,532 975,526 947,526 903,554 868,566 850,521 836,531 785,564 761,536 737,534 709,550 670,515 645,524 610,517 587,531 552,546 520,519 504,534 475,550 430,525 400,531 370,533 340,539 310,549"/>
                <Baseline points="310,544 340,534 370,528 400,526 430,520 460,520 490,518 520,514 550,514 580,514 610,512 640,510 670,510 700,512 730,512 760,512 790,510 820,518 850,516 880,518 910,516 940,516 970,516 1000,518 1030,520 1060,524 1090,524 1120,524 1150,530 1180,530 1210,532 1240,534 1270,534 1300,536 1330,536 1360,538 1390,540 1420,540 1450,546 1480,546 1510,546 1540,548 1570,550 1600,552 1630,554 1638,552"/>
                <TextEquiv>
                    <Unicode>Lieber Graff von Potting. Ihr werdet Mitt mehrerem auß der durch</Unicode>
                </TextEquiv>
            </TextLine>
            <TextLine id="r_tl_2" custom="readingOrder {index:1;} abbrev {offset:27; length:1;expansion:mm;}">
                <Coords points="316,579 326,579 356,577 367,555 391,540 418,569 446,548 488,555 508,571 538,569 568,569 615,540 628,569 658,569 688,569 718,571 748,569 778,569 810,560 838,569 868,567 907,555 928,569 958,569 988,569 1018,569 1048,569 1103,557 1108,571 1138,573 1168,573 1198,577 1226,559 1272,565 1288,579 1318,581 1348,587 1391,571 1429,581 1428,593 1449,583 1468,584 1490,597 1520,599 1550,599 1580,603 1610,607 1640,609 1668,611 1679,662 1651,672 1626,665 1588,677 1567,668 1544,666 1510,669 1480,665 1452,670 1423,670 1403,654 1385,655 1359,663 1329,653 1306,659 1258,629 1244,639 1208,667 1162,640 1142,639 1111,630 1076,623 1048,619 1029,626 997,635 956,631 928,619 905,625 887,635 849,632 819,634 795,640 755,641 718,640 690,630 656,628 628,635 606,623 575,637 547,638 509,637 478,621 441,663 419,653 387,623 387,623 349,661 326,629 316,629"/>
                <Baseline points="316,624 326,624 356,622 387,618 387,618 418,614 448,618 478,616 508,616 538,614 568,614 598,614 628,614 658,614 688,614 718,616 748,614 778,614 808,614 838,614 868,612 898,612 928,614 958,614 988,614 1018,614 1048,614 1078,614 1108,616 1138,618 1168,618 1198,622 1228,624 1258,624 1288,624 1318,626 1348,632 1378,634 1408,632 1428,638 1428,638 1460,640 1490,642 1520,644 1550,644 1580,648 1610,652 1640,654 1668,656"/>
                <TextEquiv>
                    <Unicode>disen Eignen Curier mitt Komenden expedition Ersehen, waß Ich Euch weitter circa</Unicode>
                </TextEquiv>
            </TextLine>
            <TextLine id="r_tl_3" custom="readingOrder {index:2;}">
                <Coords points="326,683 356,677 386,675 415,667 446,671 476,671 509,661 536,669 572,664 601,667 626,665 645,653 686,665 714,650 746,665 776,663 806,665 836,663 866,665 896,665 926,665 956,665 986,665 1016,667 1046,667 1076,656 1106,669 1136,671 1166,673 1209,659 1226,675 1256,677 1286,677 1328,674 1346,683 1376,683 1413,676 1436,689 1464,680 1496,695 1526,701 1556,703 1586,705 1616,709 1646,709 1680,723 1661,764 1642,766 1611,770 1577,761 1554,762 1492,780 1496,745 1463,749 1436,739 1412,759 1368,738 1346,733 1320,731 1297,733 1258,734 1194,750 1196,725 1170,733 1123,742 1103,722 1072,717 1032,739 1014,726 986,721 956,715 934,721 905,726 868,725 835,724 811,720 783,724 760,720 718,716 678,726 654,715 624,726 591,724 539,751 509,764 509,721 484,722 447,726 421,734 396,734 363,735 306,775"/>
                <Baseline points="326,728 356,722 386,720 416,718 446,716 476,716 506,714 536,714 566,712 596,712 626,710 656,710 686,710 716,712 746,710 776,708 806,710 836,708 866,710 896,710 926,710 956,710 986,710 1016,712 1046,712 1076,712 1106,714 1136,716 1166,718 1196,720 1226,720 1256,722 1286,722 1316,724 1346,728 1376,728 1406,732 1436,734 1466,738 1496,740 1526,746 1556,748 1586,750 1616,754 1646,754 1654,752"/>
                <TextEquiv>
                    <Unicode>pacta et effectuationem meiner nunhmer schon publicirdten heürath mitt</Unicode>
                </TextEquiv>
            </TextLine>
            <TextLine id="r_tl_4" custom="readingOrder {index:3;}">
                <Coords points="326,775 346,771 376,767 406,767 480,720 487,754 496,765 526,767 553,746 586,765 616,744 646,761 688,741 706,763 736,761 767,749 818,742 826,759 856,757 886,762 886,762 931,743 948,755 978,755 1006,743 1062,741 1068,755 1098,755 1128,753 1158,753 1188,753 1218,753 1248,755 1278,755 1308,757 1338,759 1368,761 1398,763 1428,767 1458,769 1487,762 1518,771 1563,757 1578,777 1608,781 1638,785 1648,789 1670,782 1678,799 1708,801 1738,807 1738,857 1710,866 1678,859 1648,849 1648,839 1618,843 1608,831 1576,838 1532,843 1518,821 1487,824 1458,819 1419,837 1398,813 1368,811 1336,818 1304,811 1278,814 1248,805 1223,801 1198,806 1180,816 1139,812 1110,809 1088,820 1058,828 1018,839 991,818 961,814 939,823 900,821 869,832 856,807 826,809 811,819 766,811 708,848 706,813 676,813 645,831 616,813 574,838 556,815 509,850 496,815 477,830 434,877 406,817 376,817 346,821 326,825"/>
                <Baseline points="326,820 346,816 376,812 406,812 436,812 466,812 496,810 526,812 556,810 586,810 616,808 646,806 676,808 706,808 736,806 766,806 796,804 826,804 856,802 886,807 886,807 918,804 948,800 978,800 1008,800 1038,800 1068,800 1098,800 1128,798 1158,798 1188,798 1218,798 1248,800 1278,800 1308,802 1338,804 1368,806 1398,808 1428,812 1458,814 1488,814 1518,816 1548,822 1578,822 1608,826 1638,830 1648,834 1648,844 1678,844 1708,846 1738,852"/>
                <TextEquiv>
                    <Unicode>aldasiger Infantin habe anIezo befelhen wollen. werdet auch anbey die darzue</Unicode>
                </TextEquiv>
            </TextLine>
            <TextLine id="r_tl_5" custom="readingOrder {index:4;}">
                <Coords points="340,855 370,857 400,855 430,853 460,855 490,855 520,855 550,857 584,843 610,855 640,859 667,853 700,857 730,855 760,857 790,857 820,847 850,857 896,843 927,848 940,857 970,855 1000,855 1030,857 1108,825 1090,857 1120,855 1150,853 1180,853 1210,855 1240,853 1270,857 1300,857 1333,842 1360,859 1398,846 1420,863 1450,863 1480,867 1546,849 1540,871 1570,873 1609,855 1630,875 1660,877 1690,879 1694,879 1722,900 1711,934 1696,948 1655,964 1605,942 1557,947 1540,921 1521,931 1497,929 1459,954 1420,933 1390,913 1360,930 1330,907 1301,932 1266,944 1240,903 1218,916 1199,935 1157,950 1122,933 1080,943 1060,905 1047,937 1000,905 986,922 945,926 910,907 893,930 869,936 829,939 806,922 743,939 719,908 700,907 677,921 636,984 610,905 589,922 550,907 524,916 490,916 460,905 430,903 389,922 355,924 293,962"/>
                <Baseline points="340,900 370,902 400,900 430,898 460,900 490,900 520,900 550,902 580,900 610,900 640,904 670,902 700,902 730,900 760,902 790,902 820,902 850,902 880,902 910,902 940,902 970,900 1000,900 1030,902 1060,900 1090,902 1120,900 1150,898 1180,898 1210,900 1240,898 1270,902 1300,902 1330,902 1360,904 1390,908 1420,908 1450,908 1480,912 1510,914 1540,916 1570,918 1600,920 1630,920 1660,922 1690,924 1694,924"/>
                <TextEquiv>
                    <Unicode>gehorie, alß die plenipotenzen etc. Empfangen habe. Sonsten habe Ich</Unicode>
                </TextEquiv>
            </TextLine>
            <TextLine id="r_tl_6" custom="readingOrder {index:5;}">
                <Coords points="320,989 345,970 368,956 385,959 428,955 438,969 468,965 498,965 547,940 558,965 588,963 618,961 648,959 678,961 708,959 738,957 768,959 798,959 828,959 858,959 888,959 921,941 948,955 978,955 1009,938 1038,955 1064,946 1098,955 1128,957 1158,957 1189,951 1218,959 1248,957 1278,959 1308,959 1338,961 1369,951 1398,965 1435,960 1491,946 1488,967 1518,969 1545,966 1578,973 1587,973 1624,963 1636,983 1650,989 1680,989 1763,993 1768,1063 1692,1085 1662,1052 1611,1070 1593,1046 1571,1035 1563,1023 1548,1023 1528,1024 1497,1026 1471,1023 1435,1026 1398,1015 1379,1023 1350,1027 1327,1036 1294,1016 1265,1030 1231,1020 1186,1022 1160,1017 1129,1014 1098,1005 1068,1005 1035,1017 1008,1005 976,1035 948,1005 934,1017 915,1030 873,1025 840,1011 820,1024 796,1029 745,1024 728,1030 691,1036 657,1020 634,1025 608,1028 581,1041 511,1051 498,1015 468,1019 438,1019 420,1024 387,1036 365,1036 339,1042 296,1035"/>
                <Baseline points="320,1034 344,1030 375,1027 376,1016 408,1014 438,1014 468,1010 498,1010 528,1010 558,1010 588,1008 618,1006 648,1004 678,1006 708,1004 738,1002 768,1004 798,1004 828,1004 858,1004 888,1004 918,1000 948,1000 978,1000 1008,1000 1038,1000 1068,1000 1098,1000 1128,1002 1158,1002 1188,1002 1218,1004 1248,1002 1278,1004 1308,1004 1338,1006 1368,1006 1398,1010 1428,1010 1458,1010 1488,1012 1518,1014 1548,1018 1578,1018 1587,1018 1588,1031 1620,1032 1650,1034 1680,1034 1751,1063"/>
                <TextEquiv>
                    <Unicode>Euch vber dises haubtsachlich nix Zu erindern, Sondern lasß es In allen bey gedachten</Unicode>
                </TextEquiv>
            </TextLine>
            <TextLine id="r_tl_8" custom="readingOrder {index:6;} unclear {offset:48; length:4;}">
                <Coords points="309,1051 373,1044 393,1060 408,1057 471,1020 484,1053 528,1032 547,1049 558,1053 588,1053 618,1053 655,1032 678,1051 708,1053 750,1032 768,1053 798,1051 828,1053 858,1055 888,1053 930,1028 948,1055 978,1053 1008,1055 1038,1055 1068,1053 1102,1041 1128,1053 1158,1053 1188,1053 1218,1053 1248,1053 1278,1053 1308,1055 1338,1055 1389,1030 1398,1053 1443,1042 1478,1048 1488,1057 1518,1055 1548,1057 1578,1059 1608,1059 1638,1061 1650,1063 1663,1106 1638,1124 1609,1118 1591,1117 1560,1117 1531,1118 1503,1120 1459,1142 1430,1113 1398,1103 1345,1137 1338,1105 1318,1124 1270,1136 1251,1115 1228,1115 1195,1112 1173,1119 1132,1123 1099,1120 1050,1125 1038,1105 1023,1122 980,1119 948,1118 918,1105 899,1117 870,1119 836,1127 811,1135 779,1120 752,1151 713,1131 680,1110 655,1113 619,1123 597,1106 581,1119 537,1120 494,1121 468,1117 438,1105 428,1124 397,1123 326,1153 313,1125"/>
                <Baseline points="318,1108 348,1106 378,1104 408,1102 438,1100 468,1100 498,1100 528,1098 558,1098 588,1098 618,1098 648,1098 678,1096 708,1098 738,1096 768,1098 798,1096 828,1098 858,1100 888,1098 918,1100 948,1100 978,1098 1008,1100 1038,1100 1068,1098 1098,1098 1128,1098 1158,1098 1188,1098 1218,1098 1248,1098 1278,1098 1308,1100 1338,1100 1368,1098 1398,1098 1428,1098 1458,1100 1488,1102 1518,1100 1548,1102 1578,1104 1608,1104 1638,1106 1650,1108"/>
                <TextEquiv>
                    <Unicode>Instructionen vnd befelhen, habe allein hiemitt euch Euch Etliche Kleine </Unicode>
                </TextEquiv>
            </TextLine>
            <TextLine id="r_tl_9" custom="readingOrder {index:7;}">
                <Coords points="312,1165 402,1119 404,1149 402,1161 446,1151 462,1157 492,1157 522,1157 552,1157 582,1145 612,1153 642,1153 672,1153 702,1153 732,1151 762,1153 792,1153 822,1151 857,1148 882,1151 912,1153 942,1151 970,1127 1014,1127 1032,1153 1062,1155 1092,1155 1122,1155 1152,1157 1182,1157 1220,1138 1242,1155 1272,1155 1301,1158 1360,1122 1362,1157 1392,1155 1422,1155 1452,1157 1482,1157 1512,1157 1542,1159 1572,1159 1603,1145 1632,1161 1662,1165 1692,1167 1722,1167 1752,1169 1759,1220 1726,1236 1692,1217 1637,1246 1632,1211 1602,1211 1572,1219 1542,1209 1528,1218 1492,1226 1466,1230 1423,1217 1394,1215 1362,1207 1348,1225 1302,1233 1272,1205 1243,1222 1212,1205 1201,1226 1160,1244 1120,1223 1092,1205 1073,1225 1032,1228 1002,1205 972,1218 942,1201 911,1235 882,1201 852,1203 822,1212 792,1203 762,1203 732,1201 721,1222 680,1215 659,1214 628,1214 605,1214 569,1226 544,1226 481,1274 462,1207 439,1220 402,1211 372,1213 346,1237 301,1215"/>
                <Baseline points="312,1210 342,1210 372,1208 402,1206 432,1204 462,1202 492,1202 522,1202 552,1202 582,1202 612,1198 642,1198 672,1198 702,1198 732,1196 762,1198 792,1198 822,1196 852,1198 882,1196 912,1198 942,1196 972,1200 1002,1200 1032,1198 1062,1200 1092,1200 1122,1200 1152,1202 1182,1202 1212,1200 1242,1200 1272,1200 1302,1202 1332,1204 1362,1202 1392,1200 1422,1200 1452,1202 1482,1202 1512,1202 1542,1204 1572,1204 1602,1206 1632,1206 1662,1210 1692,1212 1722,1212 1752,1214"/>
                <TextEquiv>
                    <Unicode>Erinderung thuen wollen, So meistens nur die haubtsach betreffen, Sondern parva</Unicode>
                </TextEquiv>
            </TextLine>
            <TextLine id="r_tl_10" custom="readingOrder {index:8;} abbrev {offset:52; length:3;expansion:scilicet;}">
                <Coords points="326,1257 356,1253 386,1253 412,1247 446,1253 476,1253 506,1253 536,1253 566,1255 596,1253 626,1253 655,1221 686,1253 706,1242 746,1251 776,1253 806,1253 849,1239 866,1253 912,1213 926,1253 956,1255 986,1255 1016,1253 1046,1255 1078,1253 1106,1255 1136,1259 1178,1252 1206,1253 1242,1244 1272,1247 1286,1261 1314,1250 1358,1249 1376,1263 1406,1265 1436,1263 1477,1240 1496,1267 1526,1265 1555,1243 1590,1241 1616,1267 1669,1251 1676,1275 1678,1275 1697,1323 1693,1335 1646,1327 1616,1325 1588,1334 1543,1344 1526,1315 1494,1333 1466,1315 1436,1313 1406,1315 1378,1324 1351,1320 1316,1311 1290,1325 1246,1334 1226,1313 1196,1307 1166,1309 1123,1338 1106,1305 1071,1317 1046,1305 1016,1308 988,1335 945,1354 926,1303 898,1322 866,1303 826,1339 806,1319 776,1314 746,1313 716,1303 688,1331 654,1319 626,1303 596,1322 566,1305 543,1320 520,1313 498,1329 451,1322 412,1319 385,1320 350,1315 308,1321"/>
                <Baseline points="326,1302 356,1298 386,1298 416,1298 446,1298 476,1298 506,1298 536,1298 566,1300 596,1298 626,1298 656,1300 686,1298 716,1298 746,1296 776,1298 806,1298 836,1300 866,1298 896,1300 926,1298 956,1300 986,1300 1016,1298 1046,1300 1076,1300 1106,1300 1136,1304 1166,1304 1196,1302 1226,1308 1256,1304 1286,1306 1316,1306 1346,1308 1376,1308 1406,1310 1436,1308 1466,1310 1496,1312 1526,1310 1556,1310 1586,1310 1616,1312 1646,1316 1676,1320 1678,1320"/>
                <TextEquiv>
                    <Unicode>accidentalia. vnd Zwar Ersten wegen der Zeitt Ihres sc. der Infantin</Unicode>
                </TextEquiv>
            </TextLine>
            <TextLine id="r_tl_11" custom="readingOrder {index:9;}">
                <Coords points="324,1349 354,1349 391,1324 414,1347 444,1347 493,1316 504,1347 534,1347 559,1331 594,1349 624,1347 654,1351 685,1340 719,1350 744,1351 774,1351 804,1351 834,1353 864,1353 894,1353 924,1353 954,1353 984,1353 1014,1351 1044,1353 1074,1351 1092,1324 1134,1353 1164,1353 1196,1323 1224,1353 1262,1344 1292,1350 1314,1357 1344,1357 1374,1357 1411,1349 1434,1363 1469,1347 1494,1367 1535,1344 1562,1362 1584,1371 1614,1375 1644,1377 1684,1371 1714,1373 1750,1376 1737,1445 1704,1447 1669,1446 1638,1456 1620,1449 1591,1453 1537,1451 1517,1423 1494,1417 1466,1429 1436,1430 1400,1420 1343,1438 1344,1407 1316,1420 1253,1443 1254,1405 1224,1432 1194,1403 1163,1423 1117,1417 1104,1403 1074,1401 1054,1435 1016,1429 983,1425 954,1403 940,1428 913,1419 886,1432 860,1406 854,1411 834,1403 804,1401 774,1401 744,1401 720,1408 684,1421 654,1401 630,1426 594,1415 564,1399 546,1410 505,1408 474,1397 421,1474 419,1403 397,1413 361,1412 324,1399"/>
                <Baseline points="324,1394 354,1394 384,1394 414,1392 444,1392 474,1392 504,1392 534,1392 564,1394 594,1394 624,1392 654,1396 684,1396 714,1396 744,1396 774,1396 804,1396 834,1398 864,1398 894,1398 924,1398 954,1398 984,1398 1014,1396 1044,1398 1074,1396 1104,1398 1134,1398 1164,1398 1194,1398 1224,1398 1254,1400 1284,1400 1314,1402 1344,1402 1374,1402 1404,1404 1434,1408 1464,1412 1494,1412 1524,1414 1554,1418 1584,1416 1614,1420 1644,1422 1674,1428 1704,1426 1720,1428"/>
                <TextEquiv>
                    <Unicode>abreiß, vnd were Zwar wol zu wunschen, daß Solche auf daß Eheiste geschehe,</Unicode>
                </TextEquiv>
            </TextLine>
            <TextLine id="r_tl_13" custom="readingOrder {index:10;} textStyle {offset:28; length:3;superscript}">
                <Coords points="290,1451 314,1449 366,1435 375,1446 404,1451 434,1451 464,1451 492,1432 524,1451 554,1451 584,1451 614,1451 644,1453 674,1451 704,1453 740,1439 764,1453 794,1453 824,1453 854,1459 854,1459 884,1461 913,1435 952,1447 974,1459 1004,1461 1034,1463 1064,1463 1094,1463 1124,1467 1160,1454 1202,1455 1214,1469 1244,1469 1274,1471 1304,1467 1334,1465 1364,1465 1394,1465 1424,1463 1454,1463 1484,1465 1514,1465 1544,1465 1629,1426 1622,1456 1634,1467 1664,1467 1728,1466 1687,1553 1621,1560 1634,1517 1610,1528 1586,1556 1548,1543 1515,1520 1488,1525 1456,1527 1430,1524 1401,1521 1371,1531 1340,1522 1314,1525 1286,1532 1252,1535 1218,1537 1186,1539 1141,1564 1123,1536 1099,1518 1064,1524 1038,1523 1004,1530 974,1534 944,1524 914,1513 884,1511 870,1525 853,1529 824,1519 794,1516 766,1519 738,1542 682,1569 690,1525 660,1516 614,1524 584,1527 558,1519 530,1503 494,1514 470,1508 434,1533 406,1517 373,1545 343,1515 308,1515 290,1501"/>
                <Baseline points="290,1496 314,1494 344,1494 374,1498 404,1496 434,1496 464,1496 494,1496 524,1496 554,1496 584,1496 614,1496 644,1498 674,1496 704,1498 734,1500 764,1498 794,1498 824,1498 854,1504 854,1504 884,1506 914,1508 944,1506 974,1504 1004,1506 1034,1508 1064,1508 1094,1508 1124,1512 1154,1512 1184,1514 1214,1514 1244,1514 1274,1516 1304,1512 1334,1510 1364,1510 1394,1510 1424,1508 1454,1508 1484,1510 1514,1510 1544,1510 1574,1508 1604,1512 1634,1512 1664,1512 1685,1513"/>
                <TextEquiv>
                    <Unicode>So propter multas et gravissmas causa Sehr guett were, allein besorge Ich</Unicode>
                </TextEquiv>
            </TextLine>
            <TextLine id="r_tl_14" custom="readingOrder {index:11;} corrected {offset:16; length:1;}">
                <Coords points="298,1553 322,1549 352,1547 382,1547 412,1547 452,1531 472,1547 502,1547 527,1521 562,1549 592,1549 622,1551 654,1520 682,1553 690,1553 722,1537 752,1555 780,1542 812,1553 874,1527 886,1547 902,1557 932,1557 962,1559 1011,1539 1044,1546 1052,1561 1088,1542 1112,1561 1142,1561 1170,1541 1208,1553 1232,1565 1262,1569 1292,1567 1324,1551 1352,1569 1385,1559 1412,1567 1442,1567 1472,1567 1484,1553 1497,1552 1531,1560 1552,1573 1582,1567 1612,1575 1668,1563 1672,1575 1694,1581 1694,1581 1724,1585 1781,1585 1765,1643 1738,1648 1717,1647 1692,1651 1673,1634 1625,1642 1612,1625 1582,1617 1552,1623 1530,1632 1505,1616 1502,1633 1470,1638 1442,1644 1409,1638 1382,1617 1352,1630 1319,1631 1310,1633 1262,1664 1230,1639 1200,1628 1170,1626 1139,1624 1114,1617 1084,1614 1087,1637 1025,1628 990,1634 962,1609 945,1640 905,1622 880,1619 842,1617 812,1622 784,1613 752,1615 723,1612 703,1622 671,1630 660,1613 641,1611 612,1628 565,1637 534,1609 504,1610 474,1608 442,1607 418,1599 396,1618 366,1629 322,1607 298,1603"/>
                <Baseline points="298,1598 322,1594 352,1592 382,1592 412,1592 442,1592 472,1592 502,1592 532,1590 562,1594 592,1594 622,1596 652,1594 682,1598 690,1598 722,1596 752,1600 782,1598 812,1598 842,1598 872,1600 902,1602 932,1602 962,1604 992,1602 1022,1604 1052,1606 1082,1606 1112,1606 1142,1606 1172,1608 1202,1612 1232,1610 1262,1614 1292,1612 1322,1612 1352,1614 1382,1612 1412,1612 1442,1612 1472,1612 1502,1612 1505,1611 1520,1613 1552,1618 1582,1612 1612,1620 1642,1618 1672,1620 1694,1626 1694,1626 1724,1630 1752,1634"/>
                <TextEquiv>
                    <Unicode>mich, die Kürze der Zeitt vnd constitutio des Mehres werde nit wol zu lassen,</Unicode>
                </TextEquiv>
            </TextLine>
            <TextLine id="r_tl_15" custom="readingOrder {index:12;}">
                <Coords points="292,1653 322,1649 352,1651 397,1637 412,1647 442,1647 472,1647 502,1649 536,1632 562,1651 592,1651 622,1653 652,1653 692,1637 712,1659 742,1659 772,1659 802,1659 832,1659 894,1634 892,1659 922,1661 950,1648 983,1649 1012,1661 1042,1661 1072,1661 1102,1661 1130,1649 1162,1659 1193,1641 1222,1663 1252,1661 1279,1636 1312,1661 1342,1663 1373,1653 1402,1665 1432,1661 1462,1667 1492,1669 1522,1669 1540,1657 1572,1639 1622,1649 1642,1675 1699,1641 1702,1677 1721,1679 1740,1679 1753,1732 1732,1729 1701,1739 1672,1727 1649,1739 1620,1735 1598,1738 1586,1745 1556,1756 1492,1758 1462,1727 1416,1756 1402,1715 1346,1769 1286,1773 1312,1711 1282,1727 1252,1711 1203,1750 1192,1711 1158,1721 1139,1745 1110,1757 1044,1758 1042,1711 1012,1711 977,1724 952,1713 922,1711 912,1742 871,1774 833,1746 802,1723 772,1728 742,1744 713,1718 685,1729 652,1724 622,1728 592,1701 562,1713 532,1699 517,1732 474,1736 442,1709 412,1697 393,1709 367,1720 322,1699 292,1703"/>
                <Baseline points="292,1698 322,1694 352,1696 382,1694 412,1692 442,1692 472,1692 502,1694 532,1694 562,1696 592,1696 622,1698 652,1698 682,1698 712,1704 742,1704 772,1704 802,1704 832,1704 862,1704 892,1704 922,1706 952,1708 982,1706 1012,1706 1042,1706 1072,1706 1102,1706 1132,1706 1162,1704 1192,1706 1222,1708 1252,1706 1282,1706 1312,1706 1342,1708 1372,1708 1402,1710 1432,1706 1462,1712 1492,1714 1522,1714 1552,1716 1582,1718 1612,1718 1642,1720 1672,1722 1702,1722 1732,1724 1740,1724"/>
                <TextEquiv>
                    <Unicode>daß Solche abreiße wurkhlich Vor nechsten Früeling geschehen Könne.</Unicode>
                </TextEquiv>
            </TextLine>
            <TextLine id="r_tl_16" custom="readingOrder {index:13;}">
                <Coords points="308,1741 320,1741 350,1747 386,1739 410,1745 440,1745 470,1747 500,1753 530,1751 560,1751 590,1755 620,1753 650,1753 670,1749 697,1743 712,1759 742,1759 772,1759 822,1733 832,1763 877,1749 892,1765 922,1765 953,1754 984,1752 1012,1763 1042,1763 1073,1753 1108,1752 1165,1742 1173,1759 1192,1761 1235,1749 1252,1759 1282,1759 1312,1757 1342,1759 1372,1757 1402,1757 1432,1757 1464,1745 1492,1759 1522,1759 1552,1757 1582,1759 1612,1759 1642,1759 1672,1759 1702,1763 1704,1761 1704,1811 1702,1813 1678,1825 1661,1837 1620,1817 1590,1841 1558,1833 1522,1809 1511,1848 1473,1846 1433,1837 1382,1852 1372,1807 1342,1809 1317,1821 1281,1836 1252,1833 1225,1830 1193,1825 1176,1837 1132,1847 1102,1839 1075,1833 1051,1841 1014,1847 991,1842 967,1836 953,1843 917,1845 892,1843 861,1838 818,1857 774,1829 740,1842 726,1820 710,1825 693,1826 666,1828 638,1833 616,1824 592,1841 552,1820 518,1829 470,1827 443,1817 421,1819 385,1806 350,1818 320,1791 300,1801"/>
                <Baseline points="308,1786 320,1786 350,1792 380,1790 410,1790 440,1790 470,1792 500,1798 530,1796 560,1796 590,1800 620,1798 650,1798 680,1804 680,1804 712,1804 742,1804 772,1804 802,1808 832,1808 862,1808 892,1810 922,1810 952,1808 982,1808 1012,1808 1042,1808 1072,1808 1102,1808 1132,1808 1162,1808 1192,1806 1222,1806 1252,1804 1282,1804 1312,1802 1342,1804 1372,1802 1402,1802 1432,1802 1462,1804 1492,1804 1522,1804 1552,1802 1582,1804 1612,1804 1642,1804 1672,1804 1702,1808 1704,1806"/>
                <TextEquiv>
                    <Unicode>alß wollet Ihr doch Eussristes Fleisses dahin trachten, daß Solche doch auf daß</Unicode>
                </TextEquiv>
            </TextLine>
            <TextLine id="r_tl_17" custom="readingOrder {index:14;}">
                <Coords points="310,1857 356,1843 383,1854 419,1853 430,1863 460,1865 492,1852 520,1865 550,1865 580,1869 610,1865 640,1867 670,1867 700,1867 730,1867 760,1871 790,1869 820,1871 850,1869 880,1871 896,1859 940,1871 970,1871 1000,1873 1030,1875 1060,1875 1090,1875 1120,1875 1150,1873 1180,1877 1210,1877 1240,1877 1270,1877 1300,1875 1330,1879 1360,1865 1390,1879 1419,1863 1450,1877 1480,1875 1510,1877 1540,1877 1570,1877 1600,1875 1630,1873 1660,1873 1690,1879 1720,1875 1756,1892 1722,1925 1720,1925 1702,1944 1676,1970 1628,1936 1608,1933 1590,1934 1557,1940 1520,1939 1492,1948 1459,1940 1431,1937 1402,1941 1371,1954 1308,1960 1295,1943 1257,1940 1240,1927 1216,1948 1182,1945 1151,1935 1120,1952 1090,1925 1060,1925 1041,1948 1000,1947 969,1935 940,1936 893,1956 880,1921 850,1919 832,1939 803,1953 761,1948 732,1968 700,1917 670,1917 640,1917 604,1962 577,1946 547,1939 520,1926 492,1929 461,1934 428,1918 408,1928 375,1946 323,1935 291,1916"/>
                <Baseline points="310,1902 340,1906 370,1908 400,1908 430,1908 460,1910 490,1910 520,1910 550,1910 580,1914 610,1910 640,1912 670,1912 700,1912 730,1912 760,1916 790,1914 820,1916 850,1914 880,1916 910,1916 940,1916 970,1916 1000,1918 1030,1920 1060,1920 1090,1920 1120,1920 1150,1918 1180,1922 1210,1922 1240,1922 1270,1922 1300,1920 1330,1924 1360,1922 1390,1924 1420,1924 1450,1922 1480,1920 1510,1922 1540,1922 1570,1922 1600,1920 1630,1918 1660,1918 1690,1924 1720,1920 1722,1920"/>
                <TextEquiv>
                    <Unicode>Ehiste alß müglich vnd gleich In principo veris aufbrechen Könne, dann Ich</Unicode>
                </TextEquiv>
            </TextLine>
            <TextLine id="r_tl_18" custom="readingOrder {index:15;}">
                <Coords points="316,1947 346,1951 376,1955 406,1959 437,1942 466,1961 496,1965 526,1965 556,1967 586,1965 617,1955 646,1969 676,1969 706,1969 736,1971 766,1975 796,1973 826,1973 856,1975 886,1977 916,1977 946,1977 976,1979 1006,1979 1036,1977 1062,1958 1096,1979 1126,1979 1156,1979 1183,1963 1216,1979 1246,1979 1276,1979 1306,1977 1336,1975 1366,1977 1396,1977 1426,1977 1456,1979 1486,1979 1515,1974 1546,1983 1576,1983 1606,1983 1636,1985 1666,1987 1696,1989 1724,1987 1724,2038 1696,2045 1676,2057 1640,2057 1622,2054 1587,2046 1562,2058 1517,2053 1485,2042 1456,2029 1426,2037 1396,2027 1366,2027 1334,2034 1306,2027 1276,2029 1250,2045 1216,2062 1186,2029 1158,2054 1127,2043 1101,2040 1062,2044 1036,2027 1016,2046 974,2078 941,2047 916,2027 886,2027 861,2043 839,2058 796,2023 786,2046 726,2064 711,2045 676,2019 650,2047 616,2036 586,2015 556,2017 526,2030 496,2031 466,2024 436,2011 418,2020 392,2056 346,2001 289,2001"/>
                <Baseline points="316,1992 346,1996 376,2000 406,2004 436,2006 466,2006 496,2010 526,2010 556,2012 586,2010 616,2012 646,2014 676,2014 706,2014 736,2016 766,2020 796,2018 826,2018 856,2020 886,2022 916,2022 946,2022 976,2024 1006,2024 1036,2022 1066,2026 1096,2024 1126,2024 1156,2024 1186,2024 1216,2024 1246,2024 1276,2024 1306,2022 1336,2020 1366,2022 1396,2022 1426,2022 1456,2024 1486,2024 1516,2026 1546,2028 1576,2028 1606,2028 1636,2030 1666,2032 1696,2034 1702,2032"/>
                <TextEquiv>
                    <Unicode>mache mein Rechnung also, Nechsten 12. Iuly wirdt Sie 12 Ihar aldt,</Unicode>
                </TextEquiv>
            </TextLine>
            <TextLine id="r_tl_19" custom="readingOrder {index:16;}">
                <Coords points="316,2049 346,2049 366,2038 406,2053 449,2041 467,2043 496,2057 530,2047 556,2059 586,2061 616,2065 646,2069 676,2069 706,2069 736,2056 766,2075 796,2077 826,2075 856,2079 886,2079 911,2066 960,2068 976,2079 1006,2081 1044,2067 1066,2083 1096,2081 1143,2056 1166,2070 1194,2072 1245,2061 1246,2079 1276,2081 1310,2064 1349,2056 1366,2079 1396,2077 1426,2077 1456,2077 1486,2075 1516,2075 1546,2075 1576,2075 1606,2079 1636,2081 1682,2067 1708,2066 1717,2082 1718,2136 1685,2145 1660,2145 1636,2131 1606,2147 1575,2156 1548,2138 1516,2125 1486,2135 1457,2132 1426,2134 1383,2144 1362,2135 1339,2150 1308,2151 1277,2146 1229,2170 1216,2133 1192,2137 1181,2151 1148,2171 1077,2166 1066,2133 1036,2131 1024,2161 989,2171 947,2141 916,2129 898,2163 856,2129 826,2130 798,2146 766,2125 716,2171 706,2119 682,2139 649,2124 629,2145 580,2173 556,2126 526,2134 491,2136 466,2105 436,2112 409,2111 376,2099 341,2116 307,2099"/>
                <Baseline points="316,2094 346,2094 376,2094 406,2098 436,2098 466,2100 496,2102 526,2102 556,2104 586,2106 616,2110 646,2114 676,2114 706,2114 736,2116 766,2120 796,2122 826,2120 856,2124 886,2124 916,2124 946,2126 976,2124 1006,2126 1036,2126 1066,2128 1096,2126 1126,2124 1156,2128 1186,2126 1216,2124 1246,2124 1276,2126 1306,2126 1336,2124 1366,2124 1396,2122 1426,2122 1456,2122 1486,2120 1516,2120 1546,2120 1576,2120 1606,2124 1636,2126 1666,2126 1696,2126 1712,2126"/>
                <TextEquiv>
                    <Unicode>Nechsten Früeling bricht Sie Erst auf, Ein Ihar hatt Sie am wenigsten Zu</Unicode>
                </TextEquiv>
            </TextLine>
            <TextLine id="r_tl_20" custom="readingOrder {index:17;} textStyle {offset:39; length:3;strikethrough} unclear {offset:39; length:3;} textStyle {offset:59; length:5;strikethrough}">
                <Coords points="316,2127 330,2125 360,2127 390,2133 431,2097 450,2139 494,2127 510,2147 540,2149 570,2151 594,2152 630,2155 660,2161 690,2161 720,2163 750,2165 780,2171 844,2157 840,2173 870,2173 900,2179 900,2179 947,2168 969,2172 992,2183 1022,2183 1052,2185 1072,2166 1120,2177 1142,2185 1172,2187 1202,2187 1232,2189 1232,2189 1264,2189 1294,2187 1341,2164 1354,2187 1384,2187 1437,2164 1444,2187 1474,2185 1503,2151 1547,2173 1594,2174 1619,2172 1600,2216 1649,2214 1694,2202 1740,2220 1744,2239 1714,2251 1682,2267 1657,2260 1627,2257 1545,2292 1564,2237 1533,2258 1504,2237 1488,2255 1456,2255 1419,2253 1391,2242 1374,2260 1336,2247 1313,2252 1287,2251 1254,2257 1232,2259 1201,2257 1172,2237 1148,2258 1116,2251 1082,2235 1064,2255 1039,2255 1012,2257 982,2267 939,2238 917,2244 900,2246 866,2234 840,2223 810,2221 803,2235 771,2246 720,2231 696,2219 667,2216 639,2224 600,2205 560,2206 540,2199 520,2202 491,2210 462,2202 439,2198 377,2224 360,2177 330,2175 316,2177"/>
                <Baseline points="316,2172 330,2170 360,2172 390,2178 420,2180 450,2184 480,2186 510,2192 540,2194 570,2196 600,2200 630,2200 660,2206 690,2206 720,2208 750,2210 780,2216 810,2216 840,2218 870,2218 900,2224 900,2224 932,2224 962,2226 992,2228 1022,2228 1052,2230 1082,2230 1112,2230 1142,2230 1172,2232 1202,2232 1232,2234 1232,2234 1264,2234 1294,2232 1324,2232 1354,2232 1384,2232 1414,2232 1444,2232 1474,2230 1504,2232 1534,2230 1564,2232 1594,2234 1624,2236 1654,2236 1684,2236 1714,2238 1726,2236"/>
                <TextEquiv>
                    <Unicode>Reisen, Kombt also Iust mitt 14 Iharen ahh herauß. vnd diß quida</Unicode>
                </TextEquiv>
            </TextLine>
            <TextLine id="l" custom="readingOrder {index:18;} textStyle {offset:2; length:1;superscript}">
                <Coords points="1602,2217 1605,2236 1666,2206 1701,2211 1733,2215 1747,2185 1705,2166 1669,2176 1655,2173"/>
                <Baseline points="1638,2199 1666,2206 1695,2204 1733,2215"/>
                <TextEquiv>
                    <Unicode>quoad</Unicode>
                </TextEquiv>
            </TextLine>
            <TextLine id="r_tl_21" custom="readingOrder {index:19;} textStyle {offset:9; length:2;superscript}">
                <Coords points="318,2207 348,2211 378,2215 408,2217 438,2221 468,2223 498,2229 528,2229 558,2227 594,2212 632,2248 675,2239 733,2256 765,2242 785,2235 806,2249 831,2255 861,2274 953,2265 998,2271 1022,2264 1056,2287 1100,2260 1092,2296 1160,2259 1176,2268 1190,2291 1239,2291 1283,2266 1311,2274 1338,2253 1358,2262 1341,2280 1479,2294 1543,2299 1636,2267 1681,2281 1661,2333 1568,2332 1510,2359 1511,2326 1383,2326 1342,2352 1254,2335 1212,2351 1210,2318 1065,2325 1019,2340 975,2333 894,2348 785,2331 713,2326 653,2308 577,2315 538,2299 528,2279 498,2279 474,2285 446,2281 420,2281 390,2277 349,2270 292,2323"/>
                <Baseline points="318,2252 348,2256 378,2260 408,2262 438,2266 468,2268 498,2274 533,2287 562,2298 1658,2322"/>
                <TextEquiv>
                    <Unicode>primum. 2do werdet Ihr In gedachter Instruction auch Ein punct wegen der</Unicode>
                </TextEquiv>
            </TextLine>
            <TextLine id="r_tl_23" custom="readingOrder {index:20;} abbrev {offset:27; length:3;} abbrev {offset:62; length:10;expansion:gnädigste;}">
                <Coords points="321,2313 341,2290 372,2303 404,2307 404,2307 436,2313 497,2287 496,2319 519,2306 528,2303 544,2310 564,2319 590,2321 622,2325 652,2322 684,2333 715,2317 742,2335 772,2339 802,2341 814,2343 814,2343 846,2343 876,2343 906,2343 936,2347 966,2345 996,2345 1026,2345 1056,2345 1086,2345 1116,2343 1146,2345 1176,2345 1206,2347 1236,2345 1266,2339 1296,2343 1326,2343 1356,2343 1386,2343 1416,2343 1446,2345 1476,2345 1506,2343 1545,2307 1570,2341 1607,2340 1630,2339 1657,2335 1686,2347 1699,2381 1676,2412 1653,2419 1607,2413 1573,2421 1536,2406 1506,2393 1478,2407 1438,2429 1416,2403 1397,2404 1365,2404 1339,2403 1305,2407 1266,2395 1243,2407 1181,2423 1176,2395 1162,2413 1116,2412 1086,2395 1056,2395 1026,2411 996,2395 968,2398 952,2431 917,2413 896,2412 871,2418 834,2408 821,2410 802,2391 797,2410 745,2429 713,2386 683,2388 652,2379 622,2375 601,2385 577,2381 559,2386 542,2386 522,2384 496,2369 462,2385 425,2383 404,2357 404,2357 372,2353 358,2378 317,2395"/>
                <Baseline points="338,2352 342,2350 372,2348 404,2352 404,2352 436,2358 466,2356 496,2364 526,2366 530,2365 530,2365 562,2366 592,2368 622,2370 652,2374 682,2374 712,2378 742,2380 772,2384 802,2386 814,2388 814,2388 846,2388 876,2388 906,2388 936,2392 966,2390 996,2390 1026,2390 1056,2390 1086,2390 1116,2388 1146,2390 1176,2390 1206,2392 1236,2390 1266,2390 1296,2388 1326,2388 1356,2388 1386,2388 1416,2388 1446,2390 1476,2390 1506,2388 1536,2390 1566,2392 1596,2390 1626,2394 1656,2392 1686,2392"/>
                <TextEquiv>
                    <Unicode>spanischen hoffstatt utriusque sexus finden. daß Ist wol mein gnädigster befelh,</Unicode>
                </TextEquiv>
            </TextLine>
            <TextLine id="r_tl_24" custom="readingOrder {index:21;}">
                <Coords points="328,2391 358,2376 391,2383 421,2386 425,2423 445,2418 455,2386 502,2384 510,2428 559,2387 580,2408 648,2397 666,2413 702,2401 724,2420 774,2408 801,2412 820,2435 853,2428 875,2436 896,2426 922,2435 955,2440 999,2430 1031,2436 1044,2462 1217,2441 1251,2434 1292,2429 1348,2413 1372,2416 1389,2441 1451,2412 1538,2407 1591,2401 1621,2419 1659,2434 1731,2428 1734,2468 1689,2493 1629,2480 1528,2484 1305,2524 1242,2495 1100,2502 874,2525 765,2512 295,2457"/>
                <Baseline points="328,2436 358,2438 388,2440 870,2486 1082,2488 1726,2470"/>
                <TextEquiv>
                    <Unicode>das Ihr Euch Eüsserist bemuehet, daß mann Solche auf daß Kleiniste</Unicode>
                </TextEquiv>
            </TextLine>
            <TextEquiv>
                <Unicode></Unicode>
            </TextEquiv>
        </TextRegion>
    </Page>
</PcGts>
