1944 2592
310 217 1715 362 24 / 12 / 31 / 42 / 41 / 44 / 12 / 24 / 41 / 24 / 12 / 13 / 32 / 13 / 31 / 42 / 44 / 33 / 23 / 12 / 31 / 12 / 43 / 06 / 42 / 14 / 43 /
297 295 906 420 41 / 12 / 68.  habe also Euch dises Zu
907 286 970 327 den
906 311 1615 436 Ende schreiben woldte, daß Ihr den Pater
308 384 1669 527 data ocassione Capace macht, daß dises auf Kein waiß Rathsamb
306 478 1679 625 ware. nun aber ad punctum. Ich Verlange In alweg aber, daß meiner
308 593 1692 697 Kunfftigen geliebten Beichtvatter Einer ex Societate Iesu Sein Solle vnd
312 734 436 789 nun
347 668 432 746 diß
435 691 1693 796 auß vill Vrsachen, So alir Zu Vermelden gar lang wurde. aber eins
297 778 1707 905 Ist genueg. auf den Reißen muß mann Ihm alß Ein besonders machen,
295 890 1650 1005 vnd wurde Er (So Einer es ex alia religione were) mitt den andern patribus
304 957 1740 1092 hab Kein gemainschafft haben wollen. Kundte es Ein teütscher Sein vnd villeicht
262 1079 1603 1216 der P. Cadella, So schon darinnen Ist, vnd Ich Ihn hiezue vnbe
1502 1069 1604 1132 wol
1588 1093 1782 1236 tauglich
282 1177 1724 1291 hieldte, So were es mir absonderlich lieb, vnd gwiß also lieb, daß Eines auß mein
269 1251 1648 1392 gresten Contenten wer. Kan es aber nit, sit Hispanus, saltem Iesuita,
267 1351 1761 1485 vnd auf diß wollet Ihr Euch In alleweg befleißen, auch mir berichten, wie Ihr hiezue
273 1457 1788 1582 die materien disponirdt befündtet. vnd dis Ist, waß Ich Euch circa praesentem materiam
286 1537 1745 1679 anbefelhen wollen, vnd habe mein gnädigstes Vertrawen, daß Ihr Euch dises also angelegen
278 1639 1711 1760 Sein lasßen werdet, alß es der Sach nothurft Erforderdt. Ich werde es auch alllezeitt gegen
286 1703 1152 1831 Euch mitt allen Kay. hulden vnd gnaden ErKennen.
253 1769 527 1932 Leopoldt
1163 1704 1706 1827 Laxenburg, den 22. May
1642 1775 1738 1856 1663
781 1814 1690 1936 So fern Ihr es für rathsamb Erachte, so Kundte
798 1893 1611 2005 Ihr alle gedachte punct mitt den P. Neidhardt
811 1968 1611 2044 Comuniciren, auf daß auf Er Sein ordts hie
817 2020 1199 2090 cooperirn Kundte.
351 1942 457 2042 P. S.
224 2011 1686 2177 Ihr werdte Auch hieby Empfangen Ein schreiben an Konig und 1 an die Konigin
247 2088 1693 2270 In praesenti materia, So Ihr nach aussag gedachter Inst. wede Einhendigen, Auch
262 2172 1704 2330 Eins an die Infantin, aber sub duplo con titolo di Maesta Eins; daß 2te
264 2248 1690 2377 con tit. d´Altezza, welches Ihr aber mitt den Medina Eher aggiustirn Sollet,
258 2289 1698 2450 welches Er außzuhendigen pro nunc für Ratsamb Erachten wirdt. Sonsten
253 2366 1714 2509 Sein wir alle Gott lo gar wol und bringen alhie vnser Raiger Paiß
256 2430 1705 2567 alhie gar wol zue, daß wetter thuet auch gar voll favorisieren. Ut supra
