1944 2592
349 315 1721 519 lieber Graff von Pötting. Ihr werdten von Ob. Kam nach vnd nach
353 427 1756 603 schon Verstanden haben, wie es mitt meinen gehabten Plattern abgeloffen.
364 525 1778 713 Iezo thue Euch Zu wissen, daß Ich Gott lob schon völlig restituierdt
367 641 1736 798 bin, auch hoffedlich am Nechsten Sontag daß Erste mal offendtlich
380 717 1728 905 außgehen werde. diese Zeitt durch habe Ich Euer schreiben von 25. May
380 825 1764 1000 6. und 20. Iuny Empfangen, wie auch die Maß von der Infantin, So
371 921 1712 1077 mir wol gar lieb gwest. das Contrafett thue Ich bey den Courir wol mitt
360 1008 1725 1172 freiden Erwardten. Ich habe auch gar gern Verstanden, daß Sie wol
360 1127 1784 1312 aufgenomen die demonstrationes publicas, So wir alhir wegen der publication
363 1226 1766 1381 gehaldten haben. daß Villanzico dunkht mir gar guett zu Sein, will schauen
353 1319 1743 1484 ob es meine Musici werden Singen Können. bin auch gar fro, daß des der
344 1424 1721 1596 Courir hieneinKomben und hatt Ihr gar recht gethan, die brief con Altezza Zu
346 1529 1780 1704 extradiern, weilen Sie es allda also für guett befunden. wegen 41 12 34 68 21 11
355 1636 1668 1781 41 12 24 43 12 13 41 31 11 24 41 41 hatt es schon Sein guettes bewenden.
358 1719 1770 1911 allein wegen Eines 21 12 13 31 41 44 11 41 41 12 24 34 11 44 34 41 12 24 689
356 1836 1670 1974 34 14 42 13 12 41 12 41 60 must Ihr wol gar caute vnd mitt grossem
360 1940 1754 2072 34 12 42 24 12 41 14 procediren. die successi In Portufall haben vns
360 2027 1256 2181 Zimblich bestürzt gemacht, absonderlich weilen der
1229 2037 1348 2113 Groß
1256 2061 1742 2164 Vezir schon Zu Ofen ange
349 2092 1685 2295 langt, also daß wir stundtlich Einer grossen macht Erwardten. auß diser
346 2186 1752 2364 Vrsach, zwar sub alio pratexto, werden Ihre M. die Kayserin Sch wie auch Erzherzog
335 2257 1726 2448 Karl vnd die 2 Prinzesinnen Sich Ehistens von hier Nacher linz begeben, auf daß
315 2340 1717 2515 Ich alßdann alhir desto früer Sey das Ienige vorzunehmen So Selbe Zeitt
340 2426 1658 2567 vnd die noth vns an die handt geben werden. hirbei komben auch meine schreiben an
271 753 388 1724 an Konig vnd Konigin vnd Ich Verbleibe Eur gnädigster herr
262 1731 315 1885 Leopoldt
270 1802 366 2302 Wien, den 25. Iuly 1663
220 545 338 2204 P. S. der von der burkh Ist hechst consolirdt wegen der gnad, So Er Erhaldten, daher wollet Ihr Ihn meinem
272 2199 318 2325 nahmen
226 2203 295 2411 auch Ihr May.
194 682 285 2160 dem König wegen diser wilferikeitt danken, Sofern Ihr es also auch also fur guett befünden werdet.
221 2403 306 2470 Q. P.
