1944 2592
281 379 1685 514 Lieber von Pötting. Auß Eurem schreiben von 18. diß habe Ich gar Ihr Majestäten
280 487 1619 623 des Königs, vnd der Konigin gwie auch der Infantin guette gesonheitt
296 590 1729 735 verstanden. Ich befünde mich Gott lob auch gar wol auf. Die turkhen
281 681 1648 856 thuen  Starkhe progressen, dann Nachdeme Sie den 7. diß den Graff
253 811 1754 963 Forgach Ein guete schlapfen gegeben, haben Sie Neühaisel wirkhlich
283 917 1689 1027 belegerdt, auch schon auf der contra scarpa posto gefast. vnd weilen mann die
280 1005 1696 1139 vöstung wegen vberauß grosser Meng des Feindts nit succurirn Kann,
291 1116 1689 1236 So besorge Ich, In die lenge werde es nit außdauern Können. es ligen darin der
227 1203 823 1306 Obrist M. pio, der Ob. locatelli,
803 1191 1017 1248 Ob. Waldter,
847 1211 1736 1327 die Ob. hagen, Iung von la cron, rembling
287 1311 1704 1440 und vill andere wakhere Cavaglieri vnd officier, worunder der M. de grana
306 1428 1766 1548 auch unlengst Ein compagnia angenomen. Ich fürchte, er mechte Sein forwiz
309 1509 1779 1655 büssen vnd were Ihm gesunder gwesen, wann Er bey den R. hoffrath gebliben were.
308 1612 1718 1760 weilen aber zweifls ohne der Portia alles mit mehrem schreiben wirdt, also
304 1698 1503 1853 bezihe mich darauf vnd Verbleibe Eur gnädigster Kayser, König vnd Herr
286 1781 537 1961 Leopoldus
1260 1842 1771 1964 Wien, den 22. Augusti
1655 1950 1760 2008 1663
