1944 2592
326 298 1763 532 Lieber Pötting. Ich habe Eure relationes von 15. Aug. zu recht Erhaldten, habe
337 496 1791 630 vor dißmal nix darauf zu Erindern, als daß Ich gar gern auß der beygeschloßenen
360 586 1784 710 Certification verstanden habe, daß Endtlich die genadt für des D. von Borcht
360 689 1805 807 Sohn richtig Ist. Er hatt mich aber gebetten, Ich woldte Euch Erindern, daß Er
370 782 1801 888 vor gwiß verstanden habe, daß man In werkh in Niderlandt Sey, In der
360 851 1815 985 Kamer vnd finanze personen Ein riforma Vorzunehmen, beßorgt Sich also, es
360 964 1811 1099 mechte gedachte riforma villeicht auch Sein Sohn treffen, daß haieste aber, mitt Einer
392 1058 1801 1207 handt gegeben, mitt der anderen genomen vnd schier Einer burla gleich,
391 1185 1216 1282 dann auf Einer Seitte verpachten vnd Consent
1089 1163 1290 1241 Concedirdten
1239 1199 1853 1306 Sie Ihm die genadt, Ein 6 wochen
363 1271 1861 1396 hernach nahmen Sie Ihm Solche durch die riforma wekh, daß hiesse re vera: burlar
386 1359 1842 1492 Il prossimo. habe Euch also befelhen wollen, auf daß Ir dahin trachtetd daß diese
377 1477 1861 1643 Sach vorKomen werde vnd dis praecavirdt werde. wegen der darinniger taxgeldter
373 1586 1827 1725 wirdt es schon Seine richtiKeit haben. Wie v nser res Turcicae stehen,
378 1682 1861 1826 werdet Ihr anderwerdts verstehen. Ihn Mahren haben die Schelmb die tardtaren
383 1778 1793 1919 grossen Schaden gethan. Ich hoffe aber, es werde alles noch besser werden.
400 1881 1716 2042 himitt versich Ich Euch alle Kayser vnd Kön. genaden vnd Verbleibe Eur gnädigster
427 1966 770 2099 Kayser vnd Herr.
438 2049 798 2275 Leopoldt
1126 1996 1647 2147 Wienn, den 19. 7b. 1663
