1944 2592
320 295 1758 483 Lieber von Pötting. Aus Eurem schreiben von 12. Sept. habe Ich Eins
336 435 1749 594 vnd daß andere Verstanden. waß den 41 14 43 65 13 44 11 43 anlangt,
332 544 1773 718 muß man wol schawen, wie mann 34 12 13 43 13 34 42 31 12 41 23 13 24 31 12 96
323 652 1712 773 33 11 42 31 13 43 11 41 13 14 43 12 34 divertiren Köndte. Waß hir verlaufft,
328 730 1750 866 werdet Ihr Schon anderwerdt Verstanden. Ich befünde mich Sonsten gar wol
334 822 1258 966 auf. himitt Verbleibe Ich Eür gnädigster Herr
378 903 711 1099 Leopoldt
1322 830 1771 995 Wienn, den 17. 8b.
1684 959 1810 1070 1663
