1944 2592
396 287 1838 540 Lieber Graff von petting. Aus Eurem schreiben von 10. habe ich die contenta
407 475 1831 620 gar gern Verstanden, fäldt mir auch vor dißmal nix Vor, So Ich darauf andt
382 563 1859 712 wordten Köndte, als daß Ihr gar wol thuet, daß Ihr vmb hilf Starkh anhaldtet,
398 663 1862 814 dann wir Sein In suma necessitate, Ein Starkhe summa geldts Zu haben
398 752 1796 889 vnd der spaniarden natural lentezza hatt wol Eines continuirlichen
409 836 1731 984 stimuli vonethen. Ich befinde Mich Gott Sey Lob gar wol auf
394 926 1788 1087 vnd schikhe mich Zue Regenspurger Raiß, So Ich gwiß den 28.
381 1019 1795 1194 diß forzusezen gedenkhe. Morgen wils Gott werde Ich auf Closter
376 1179 564 1289 neüburg
555 1136 1052 1265 wegen festum s. leopoldi,
575 1157 1855 1308 daher schreibe Ich heütt anticipate. hiemitt Verbleibe Ich mitt
393 1244 1213 1420 allen Kay. genaden alzeitt wol gwogen
358 1336 687 1535 Leopoldt
1255 1246 1814 1424 Wienn, den 13. Nov. 1663
