1944 2592
339 155 1822 337 wann Nur Kein recediva mehr Kombt, welche zu Verhueten all vnser Fleiß angwendt
319 249 1847 417 wirdt. Zu disen Ende dann die weibergespinn wider wirdt gebraucht werden vnd wirdt mann
299 356 1874 537 Ihm auch die Schnuer ziehen, also daß Ich Sorge, daß hechst notwendig Ist, So vill
311 470 1829 649 die Ihar zulasßen, die herauß zu beschleinigen. Von disen 2 puncten werdet Ihr auch
306 568 1851 752 den P. neihardt cominication thuen, auch der Königin davon parte geben
302 691 530 772 vnd
408 671 554 717 vmb
502 673 1852 888 Ihr assistenz anhaldten. Ich habe Auch Eur schreiben von 7. 9b.
292 782 1819 951 Erhaldten Vnd glaube wol, daß der Verlust Neühaisel wirdt dordt Vil mukhen
311 892 1839 1062 Causirdt haben, aber Eben desto mehrer haben wir Ihr, der spanier, hilf Vonethen. Wegen
284 1022 1802 1140 der Vewitibten f. Khurfürstin In bayrn wollet Ihr doch alle fleiß anwenden,
259 1093 1852 1281 daß Sie Ihr satisfaction Ereichen möchte. der v. der Porcht Ist ganz Content.
286 1205 1821 1430 Sonsten Ist bißher vnser Reiß bißher wol vonstatten gangen. Am freittag
268 1312 1852 1530 Continuire Ich Solch auf Regenspuerg. Leztlich beziehe mich nochmals
272 1463 1845 1659 auf So wol meine als des portia ander schreiben vnd Verbleibe Euch mitt
264 1547 1077 1782 allen Kay. hulden vnd gnaden gwogen
1154 1567 1834 1863 Linz, den 11. decemb. 1663
309 1659 624 1867 Leopoldt
