1944 2592
364 206 1758 418 Lieber Pötting. Ihr werdet vielleicht schon vor Einlangung dises
404 364 1762 520 die traurige Zeittung von meines h. bruders Erzherzogs Calrs Iosepf tohdth
380 448 1758 609 Verstanden haben. So habe Ich durch disen Curier die gwonhliche notificationes
372 570 1708 686 wollen lasßen ablauffen, wie nemblich S. Liebden Sel. anged. den 27. Ian.
368 670 1755 790 vmb 11 Vhr nachts an dero öffters gehabten accidens der fraiß, So
380 767 1764 895 dißmals 7 Stundt gewerdt vnd 35 paroxismi gewesen sel. Verschiden
358 871 1774 1007 Sein. Ihr werdet leicht Erahten Konnen, Ihn was leid Ich mich befünde,
346 969 1799 1126 Kan auch mir wol Einbilden, daß alda auch Ein grosse Consternation
344 1080 1758 1184 Sein wirdt. wir müessen aber es Gott anheimb geben vnd Sehen, daß
347 1181 1781 1308 daß haus Ehistens propagirdt werden. Eben zu diesen zwekh zu gelangen,
326 1287 1717 1433 Ist höchst notwendig auf die pu Ernenung Einer gwißen zeitt und
343 1387 1748 1534 darauf folgende Wirkhlie abfürung meiner gespons zu tringen.
334 1500 1706 1628 habe daher Euch bey die die auß der Canzley In Einem handtbriffel
342 1605 1677 1728 begriffne Verrer Instruction vnd befelh In disen negotio Vberschikhen,
372 1715 1626 1822 alwo Ich mich hinbeziehe, allein Euch dises nachfolgende Erindern wollen.
299 1815 1722 1933 1o Komben hiebey 2 schreiben an Ihr May. den König, diß Eine,
346 1920 1766 2052 mitt o signierdt Ist die notificatio des obgemeldten tothfals, daß 2te
314 2009 1706 2144 Ist zu diser heiraths materi vnd begere Ich darinnen die Ehiste deteminirung
331 2127 1644 2235 der zeitt zur herausrais. werdet also beede gehörigemassen vbergeben
333 2213 1671 2314 vnd dabey Vermög gedachtes Canzley briefs alles wol remostriren
336 2278 1660 2387 absonderlich daß Vnser hiesige linea nur an 2 bestehe, auf mir vnd Erzhertzog
319 2351 1667 2458 Sigmundt, daß also die höchste noth Vorhanden Ist, baldt zu wirklicher
306 2417 1674 2527 heiraht zu schreitten. 2do Kombt Ein schreiben an Ihr May. die Konigin
