1944 2592
369 511 1732 674 Lieber Von pötting. Ich habe Vor dißmal 3 Euer schreiben zu be
438 598 1746 711 andtwordten. die 2 ordinari von 31. Jenner vnd 14. Febr. sein mitt
446 668 1739 802 Einander Komen, das dritte von 5. Feb. habe Ich sambt
457 746 1790 856 den wechxel durch den Courier Empfangen, welche mir wol gar liebe
424 818 1791 936 Sein, hette zwar wol wünschen wollen, daß die termini nehender hetten
457 875 1789 1013 ZuSamen gezogen werden, weilen es aber nitt anderdtst hatt Sein Könen,
443 958 1810 1077 will Ich haldt Schawen, wie Ich etwan anticipationen darauf schliessen
424 1031 1816 1139 Könne. wollet haldt weitter Instanzien machen So wol wegen ferers governi,
432 1109 1815 1221 alß aus wegen Ein determinirung Einer Zeitt Zur abrais meiner
422 1173 1813 1294 herzliebsten brautt. hießige negotia wollen Sich noch nitt recht
413 1242 1789 1362 Enden, Doch hoffe Ich es also zu richten, daß Ich gleich nach den
403 1311 1823 1438 Feiertagen werde Können Von hir abraisen. Ich bin auf Ein par
401 1375 1772 1531 tag heraus Komben, mich Ein wenig zu Erlustigen, hab Es wol vo
401 1444 1737 1603 nethen, dann scabrosae materiae vnd disgusti manglen nitt.
354 1510 1179 1678 Verbleibe himitt Eur gnädigster Herr
368 1586 739 1783 Leopoldt
1236 1561 1785 1681 Sinichen, den 12. Merz
1727 1615 1828 1714 1664
1257 1639 1777 1737 Diß ordt Ist Einem Von
1249 1693 1805 1814 Singeßhaimb zugehörig,
1231 1752 1810 1886 Von welchem geschlecht die g.
1142 1762 1794 1923 S Schwarzenberg herkhomen.
