1944 2592
339 234 1695 439 Lieber Pötting der Courir Ist Zur Straubing den 10. diß angelangt
346 408 618 517 vnd hatt mir
587 342 668 441 Eur
597 368 1669 507 schreiben von 23. Aprill vberreicht. nun mussen Ich es wol
355 478 1761 636 bey den termino bwenden lasßen. Ich will aber hoffen, es werde durch Eur Euffrigste
351 584 1749 710 sollicitatur alleso also disponirdt werden, damitt die abReiß ohnvelbar
343 664 1784 828 statuto tempore beschehe. Enzwischen Ist daß schreiben der Infantin gar guette
338 775 1734 941 vnd gereicht mir zu gnädigstem gefallen, daß Ihr es dahin gebracht habet.
303 875 1779 1037 Waß Etwa noch forfallen mögte, will Ich Euch Ehistes Instruiren lasßen.
276 980 1781 1166 Sonsten bin Ich den 17. diß glikhlich alhie angelangt. Vnderwege habe
319 1091 1843 1265 Ich Zu Straubing Ein par tag mitt der F. Khurfürstin Zugebracht
1595 1076 1776 1147 vnd dem
268 1186 1841 1373 herzog V. Neuburg zugebracht. hoffe mitt disen Ein Solches fundament
331 1301 1764 1483 zu Einer confidenz gelegt zu haben, daß hiedurch Vnsern haus vnd In Der
344 1416 1841 1582 gemein weßen Ein absonderliche Nuz hieraus Endtspringen thuet. Die F. Khurfürstin
312 1541 1822 1690 hatt mich widerumb wegen Ihrer praetension Ersuecht, wollet also auf alleweiß
322 1645 1797 1796 dahin laboriren, damitt dise guette Fraw Ihre satisfaction bekhome. Sie
301 1755 1786 1893 hatt es Ia vmb die spanier verdiendt. die genad des toysons vor den G.
325 1861 1823 2016 Zrin Ist gar A propo geschehen, dann Er gleich In actu der belagerung
338 1959 1777 2138 Canisa Ist vnd Lasst Sich Selbe noch gar wol an. himitt Verbleibe
415 2091 1402 2230 Ich Eur Mitt Kay. hulden vnd genaden wol gwogen
291 2178 647 2357 Leopoldt
1466 2061 1825 2217 Lintz, den 23. May
1649 2186 1780 2283 1664
