1944 2592
387 262 1817 503 Lieber Grav von Pötting, daß Ich diese ordinari Kein schreiben Von Euch
388 428 1792 569 beKomen, gibe Ich deme die Vrsach, daß die ordinari Eben damals wirdt
372 515 1766 673 Sein abgeloffen, alß Ihr den Courier Heinrich abgeferdtigt hatt.
367 604 1798 751 Ich befinde mich Sonsten Gott lob gar wol auf vnd habe an göstern
346 724 1807 860 meine gwönliche früeling Khur angefangen. der Feindt werdt Sich
347 822 1804 967 wakehr vor Canisa vnd bliebn heraus gar wil Doth, doch haben die
310 915 1215 1080 Vnßrigen Noch guetten herz. der Stozzi
1074 914 1263 980 Strozzi
1172 948 1825 1058 Ist Selbst Verwundt, doch ohne
366 1033 1845 1158 gefahr, In armb. der G. von Sparr Ob. Ist hatt gar Sein rechte armb
353 1143 1833 1286 Verloren, Sein Ob. leut. der Iunge Carretto Ist (wie man vor gwiß
300 1251 1854 1392 Sagt) geblieben. also Ist es gar Ein grobe vnd hardte nusß. Ich hoffe, mitt
353 1353 1844 1517 gottes hilf wollen wir Solche noch aufbeissen. Etliche Zendt werden aber
342 1452 1854 1604 noch dariber Eher Ins gras peisßen. hingegen hatt der graf von souches
352 1552 1846 1716 Ein glikhlichen rencontre gehabt, In deme Im 12000 dürkhen und tardtarn
324 1641 1805 1818 Eingefallen, Er damals nit 3000 mann bey Sich gehabt hatt also ge
316 1764 1803 1914 zwungner wais mitt ihnen Schlagen mussen vnd nachdem daß gefecht vber Etliche
333 1855 1791 1989 Stundt gwerdt, hatt Er daß Feldt erhaldten vnd vber 1000 türkhen Erlegt.
349 1958 1827 2046 Vnder andern Soll Kuckuck Mehmet Bassa, comendant Von wardein,
372 2027 1816 2122 gebliben Sein der Vnß Vor Ein Jhar ziemblich gefaßt hatt. Ich hoffe zu
357 2091 1774 2214 Gott, Ich werde Euch noch mehr vnd bessere Zeittung schreiben Können. vnd
233 2159 1716 2299 Verbleibe Euch mitt Kay. vnd Kon. genaden alzeitt wol beygethan
244 2242 580 2420 Leopoldt
1182 2251 1723 2392 Lintz, den 30. May
1667 2327 1817 2426 1664
