1944 2592
326 308 1769 469 Lieber von Pötting, diese wenig Zeilen dienen nur pro recepisse auf Eur schreiben
325 428 1810 557 Von 14. Marz. Ich Ra kann Vor dißmal nit specialius andtwordten, dann
356 503 1819 677 der heuttige h. tag vnd die vill Kirchen occupationes lasßen es mir nitt Zue.
322 624 1830 788 allein Erinder Ich Euch meiner guetten gesundtheitt vnd Erwardte Einer categorischen
335 738 1741 876 resolution wegen meiner Infantin hraus Reiß. Vnd Verbleibe Euch gnädigster herr
242 855 686 1038 Leopoldt
1234 826 1790 960 Regenspurg, den 10. Aprill
1670 916 1806 996 1664
