1944 2592
315 244 1669 452 lieber Von pötting. Eur schreiben von 6. may habe Ich zurecht Erhaldten.
342 398 1700 552 Ich befinde mich wol auf, allein Sein wir Ein wenig desconsolirdt per li acci
336 490 1717 654 denti di guerra, weillen den 2ten diß die belegerung von Canisa Ist aufgehebt
327 588 1726 714 worden, weilen der Feindt 40.000 Starkh angezogen, also haben die Vnsrigen Sich retirn mussen,
314 684 1720 806 So aber gar wol vnd ohne Velust geschehen Ist. Seither haben Sie versucht, vber
307 752 1723 864 die Mur zu sezen, So aber bisdato Inen Verwerdt worden, wie dann deßhalben am 9ten
322 830 1764 930 diß Ein Zimblich rencontre gwest, Zwar mitt Des Feindt disavantaggio, doch mit Verlust
297 888 1747 998 des Redlichen g. Strozzi, wecher In Kopf geschosßen vnd 3 Stundt hernach gestorben.
306 952 1767 1083 y asi el buen conde ha tenido vna gala muy sangrienta, weilen Er Iust
340 1028 1753 1129 an meinem geburdtstag gebliben. wie schwer vnd leidt mir es ist wegen Seiner, werdt
318 1100 1737 1230 Ihr hoffendtlich wol Erachten Können, Indem Euch Sein Valor der waffen vnd Ver
317 1203 1762 1342 nunfft genugsamb bekhandt gwesen. Sonsten bitt der Aldte G. Ernst von Ötting,
336 1313 1785 1429 Reichshoffrathspresidendt, gar Starkh Vmb den toson, wollet also Euch Eusserist bemuehen,
317 1400 1772 1521 damitt der guette aldte noch In seinen aldter Consolierdt werde. Himitt Verbleibe
320 1481 1077 1622 mitt Kay. genaden wol gewogen
300 1553 607 1722 Leopoldt
1120 1489 1695 1630 linz, den 13. Iuny 1664
