<?xml version="1.0" encoding="UTF-8" standalone="yes"?>
<PcGts xmlns="http://schema.primaresearch.org/PAGE/gts/pagecontent/2013-07-15" xmlns:xsi="http://www.w3.org/2001/XMLSchema-instance" xsi:schemaLocation="http://schema.primaresearch.org/PAGE/gts/pagecontent/2013-07-15 http://schema.primaresearch.org/PAGE/gts/pagecontent/2013-07-15/pagecontent.xsd">
    <Metadata>
        <Creator>prov=READ-COOP:name=PyLaia@TranskribusPlatform:version=2.34.0:model_id=35909:lm=none:date=12_11_2025_19:22</Creator>
        <Created>2025-10-07T15:59:36.215+02:00</Created>
        <LastChange>2025-11-30T11:58:55.631+01:00</LastChange>
        <TranskribusMetadata docId="11132745" pageId="104004625" pageNr="92" tsid="263292076" status="GT" userId="14631" imgUrl="https://files.transkribus.eu/Get?fileType=view&amp;id=JQWWALDQQWUIJVFPKTJPAOLU" xmlUrl="https://files.transkribus.eu/Get?id=DHBOMVMSSZXFVSTGXWFOGIHM" imageId="87275660"/>
    </Metadata>
    <Page imageFilename="0092_HHStA, GK, K. 33.1, Buch 1662-1665, fol. 132r.JPG" imageWidth="1944" imageHeight="2592">
        <ReadingOrder>
            <OrderedGroup id="ro_1765532863679" caption="Regions reading order">
                <RegionRefIndexed index="0" regionRef="tr_1"/>
            </OrderedGroup>
        </ReadingOrder>
        <TextRegion orientation="0.0" id="tr_1" custom="readingOrder {index:0;}">
            <Coords points="287,265 266,2532 1810,2532 1843,1236 1788,277"/>
            <TextLine id="tr_1_tl_6" custom="readingOrder {index:0;}">
                <Coords points="344,432 411,415 555,406 565,431 591,430 612,397 662,426 953,415 978,401 1037,401 1056,430 1107,396 1395,418 1446,417 1430,435 1443,452 1491,420 1627,450 1694,443 1729,371 1151,307 674,324 564,339 481,278 343,355"/>
                <Baseline points="354,422 421,405 488,399 555,398 622,392 689,390 756,391 823,397 890,392 957,394 1025,393 1092,394 1159,392 1226,394 1293,397 1360,405 1427,410 1494,416 1561,419 1628,426 1696,436"/>
                <TextEquiv>
                    <Unicode>Lieber Potting, Ich habe Eur schreiben Von 18. Juny Zu recht </Unicode>
                </TextEquiv>
            </TextLine>
            <TextLine id="tr_1_tl_7" custom="readingOrder {index:1;}">
                <Coords points="354,527 391,522 441,503 748,504 1047,470 1266,484 1266,498 1310,507 1330,486 1563,500 1792,547 1781,510 1711,457 1484,444 1449,460 1430,436 1319,437 1239,412 1212,410 1154,433 1069,439 1020,422 936,425 765,424 686,433 610,450 545,431 453,433 428,414 370,450"/>
                <Baseline points="364,512 432,497 500,494 568,490 636,488 704,481 772,476 840,476 908,472 976,470 1044,468 1112,470 1180,474 1248,477 1316,481 1384,484 1452,487 1520,490 1588,497 1656,508 1754,522"/>
                <TextEquiv>
                    <Unicode>Erhaldten. daß Ihr bey Selber ordinari Kain schreiben Von mir Empfangen,</Unicode>
                </TextEquiv>
            </TextLine>
            <TextLine id="tr_1_tl_8" custom="readingOrder {index:2;}">
                <Coords points="350,592 597,602 753,580 816,596 909,599 1136,598 1282,577 1467,592 1468,606 1485,614 1656,621 1683,619 1747,635 1769,579 1639,547 1446,521 690,515 393,525 356,542"/>
                <Baseline points="358,590 427,581 497,580 567,580 636,578 706,581 776,576 845,580 915,576 985,576 1055,572 1124,572 1194,572 1264,576 1333,576 1403,580 1473,581 1542,588 1612,597 1682,607 1752,618"/>
                <TextEquiv>
                    <Unicode>Ist diße VrsacK, daß Ich Iust In der stundt Zu linz angelangt, alß die</Unicode>
                </TextEquiv>
            </TextLine>
            <TextLine id="tr_1_tl_9" custom="readingOrder {index:3;}">
                <Coords points="348,680 483,679 486,703 502,705 525,682 852,675 883,693 1155,685 1377,667 1467,688 1623,700 1716,693 1716,644 1554,620 1520,618 1485,641 1454,603 1431,604 1391,631 1286,597 1218,598 1180,620 1079,600 975,601 717,630 553,616 395,621 362,630"/>
                <Baseline points="354,674 412,672 481,675 550,678 619,678 688,676 756,675 825,674 894,672 963,670 1032,668 1100,666 1169,664 1238,664 1307,666 1376,667 1444,671 1513,674 1582,681 1651,684 1720,690"/>
                <TextEquiv>
                    <Unicode>Ordinari hette Sollen ablauffen, habe also Einmal Kein Zeitt gehabt.</Unicode>
                </TextEquiv>
            </TextLine>
            <TextLine id="tr_1_tl_10" custom="readingOrder {index:4;}">
                <Coords points="301,787 317,811 429,829 739,791 839,814 902,781 1058,778 1074,812 1120,769 1216,781 1280,769 1577,778 1601,794 1640,782 1776,806 1781,770 1745,736 1704,709 1625,735 1452,703 1272,696 1097,698 811,729 771,705 545,711 517,691 473,745 466,696 317,749"/>
                <Baseline points="328,800 399,789 471,786 543,782 615,778 687,776 759,775 831,770 903,772 975,769 1047,766 1118,762 1190,762 1262,760 1334,759 1406,760 1478,763 1550,767 1622,773 1694,779 1766,802"/>
                <TextEquiv>
                    <Unicode>Sonsten befinde Ich mich gar wol auf, vnd hatt der Weldmarshall de</Unicode>
                </TextEquiv>
            </TextLine>
            <TextLine id="tr_1_tl_11" custom="readingOrder {index:5;}">
                <Coords points="355,905 593,890 757,882 854,892 1018,887 1055,874 1155,889 1334,901 1408,873 1477,895 1777,898 1784,871 1777,838 1682,818 1573,812 1406,806 1342,798 1103,800 1072,822 1067,800 991,796 874,827 798,814 497,825 368,854"/>
                <Baseline points="366,896 436,884 507,881 578,878 648,874 719,874 790,872 860,870 931,870 1002,870 1073,868 1143,868 1214,868 1285,866 1355,864 1426,862 1497,864 1567,868 1638,874 1709,877 1780,886"/>
                <TextEquiv>
                    <Unicode>souches wider den türkhen Ein Stattliche Schlapfen angehenKt, In deme</Unicode>
                </TextEquiv>
            </TextLine>
            <TextLine id="tr_1_tl_12" custom="readingOrder {index:6;} abbrev {offset:14; length:4;}">
                <Coords points="354,1008 530,994 844,1010 1303,1003 1417,995 1487,988 1734,1022 1779,999 1812,962 1781,918 1605,961 1429,912 1258,915 1186,921 1127,907 702,917 405,929 355,952"/>
                <Baseline points="364,994 435,986 506,986 577,986 648,988 719,986 790,984 861,982 932,978 1003,978 1074,977 1145,974 1216,974 1287,974 1358,974 1429,976 1500,977 1571,980 1642,982 1713,982 1784,992"/>
                <TextEquiv>
                    <Unicode>Er deren vber 6000 nidergemacht vnd Ein rechte schlacht gwunnen, wie Euch</Unicode>
                </TextEquiv>
            </TextLine>
            <TextLine id="tr_1_tl_13" custom="readingOrder {index:7;}">
                <Coords points="329,1102 411,1141 592,1110 603,1141 764,1102 791,1135 889,1093 992,1117 1258,1089 1339,1109 1429,1092 1474,1132 1551,1088 1783,1092 1824,1036 1538,1014 1480,1022 1423,995 1262,1010 378,1037 328,1056"/>
                <Baseline points="338,1096 410,1096 483,1097 555,1098 628,1098 700,1098 773,1093 845,1091 918,1086 990,1084 1063,1080 1135,1076 1208,1075 1280,1080 1353,1084 1425,1082 1498,1081 1570,1080 1643,1082 1715,1082 1788,1082"/>
                <TextEquiv>
                    <Unicode>der Fürst Von portia außfürdtlich schreiben wirdt. Gott Sey davor lob</Unicode>
                </TextEquiv>
            </TextLine>
            <TextLine id="tr_1_tl_14" custom="readingOrder {index:8;}">
                <Coords points="353,1232 473,1243 642,1208 1112,1202 1338,1204 1724,1201 1785,1133 1566,1115 1482,1135 1418,1099 845,1148 741,1138 620,1159 594,1139 542,1132 367,1174"/>
                <Baseline points="367,1200 424,1206 494,1206 564,1203 634,1199 704,1196 774,1193 844,1189 914,1184 984,1182 1054,1180 1124,1178 1194,1176 1264,1177 1334,1178 1404,1177 1474,1175 1544,1178 1614,1176 1684,1176 1754,1182"/>
                <TextEquiv>
                    <Unicode>gesagt, hoffe, Es solle allweil besser werden. habe auch absonderlich</Unicode>
                </TextEquiv>
            </TextLine>
            <TextLine id="tr_1_tl_15" custom="readingOrder {index:9;} abbrev {offset:25; length:2;expansion:pater;}">
                <Coords points="332,1336 584,1306 777,1334 1082,1320 1271,1286 1769,1337 1810,1247 1532,1229 1486,1238 1426,1240 1261,1251 1091,1238 558,1229 475,1252 335,1268"/>
                <Baseline points="342,1304 414,1299 486,1298 558,1298 630,1300 702,1300 774,1299 846,1300 918,1300 990,1299 1062,1292 1134,1288 1206,1284 1278,1286 1350,1288 1422,1292 1494,1294 1566,1300 1638,1298 1710,1302 1782,1310"/>
                <TextEquiv>
                    <Unicode>gern Verstanden, daß der p. Neidhardt Sich wider accommodirdt vnd Euch besuecht </Unicode>
                </TextEquiv>
            </TextLine>
            <TextLine id="tr_1_tl_16" custom="readingOrder {index:10;}">
                <Coords points="340,1388 353,1420 437,1404 522,1428 658,1418 1054,1398 1330,1431 1369,1405 1606,1409 1720,1440 1796,1438 1827,1380 1796,1346 1600,1364 1533,1339 1426,1353 945,1345 729,1339 637,1336 495,1328 352,1339"/>
                <Baseline points="362,1404 433,1394 505,1394 577,1399 649,1402 721,1404 793,1402 865,1400 937,1398 1009,1400 1081,1398 1152,1396 1224,1396 1296,1394 1368,1396 1440,1396 1512,1397 1584,1398 1656,1403 1728,1416 1800,1428"/>
                <TextEquiv>
                    <Unicode>hatt, hoffe, Eur EiniKeit Solle vill guettes wirkhen, vnd bin wol gesicherdt,</Unicode>
                </TextEquiv>
            </TextLine>
            <TextLine id="tr_1_tl_17" custom="readingOrder {index:11;}">
                <Coords points="343,1511 423,1537 850,1530 892,1553 928,1533 1203,1544 1369,1529 1388,1516 1600,1524 1783,1525 1823,1459 1735,1456 1624,1431 1429,1461 1326,1447 1241,1449 1014,1482 351,1453"/>
                <Baseline points="352,1504 423,1511 495,1516 567,1518 639,1520 711,1520 782,1521 854,1519 926,1518 998,1518 1070,1516 1141,1517 1213,1517 1285,1510 1357,1508 1429,1504 1500,1504 1572,1501 1644,1504 1716,1510 1788,1518"/>
                <TextEquiv>
                    <Unicode>daß Ihr hiezue allewail cooperiren werdet, hoffe, der pater werde Ein gleiches</Unicode>
                </TextEquiv>
            </TextLine>
            <TextLine id="tr_1_tl_18" custom="readingOrder {index:12;} corrected {offset:65; length:1;}">
                <Coords points="345,1640 638,1650 1213,1646 1500,1607 1649,1627 1785,1603 1787,1544 1662,1541 1091,1551 963,1591 917,1551 893,1563 859,1543 380,1543"/>
                <Baseline points="354,1614 425,1620 497,1622 569,1622 641,1623 713,1624 784,1625 856,1626 928,1623 1000,1621 1072,1618 1143,1618 1215,1621 1287,1617 1359,1610 1431,1606 1502,1603 1574,1597 1646,1598 1718,1596 1790,1596"/>
                <TextEquiv>
                    <Unicode>thuen. Sonsten habe ich Euch noch Ein punct schreiben wollen. Ohngefer vor</Unicode>
                </TextEquiv>
            </TextLine>
            <TextLine id="tr_1_tl_19" custom="readingOrder {index:13;} textStyle {offset:13; length:4;strikethrough} abbrev {offset:34; length:2;expansion:Marques;}">
                <Coords points="372,1721 597,1744 845,1740 1027,1719 1084,1730 1233,1730 1273,1770 1355,1727 1409,1745 1545,1731 1599,1739 1780,1748 1796,1794 1822,1799 1803,1681 1645,1661 1513,1692 1375,1645 1228,1680 1136,1656 987,1662 943,1687 534,1650 372,1670"/>
                <Baseline points="382,1712 453,1715 524,1716 596,1718 667,1721 739,1724 810,1724 881,1723 953,1720 1024,1718 1096,1716 1167,1718 1238,1719 1310,1720 1381,1718 1453,1720 1524,1722 1595,1721 1667,1724 1738,1733 1810,1748"/>
                <TextEquiv>
                    <Unicode>1 1/2 Iharen hatt, gleich alß der M. de fuente auß Frankhraich auf wienn komben,</Unicode>
                </TextEquiv>
            </TextLine>
            <TextLine id="tr_1_tl_20" custom="readingOrder {index:14;} corrected {offset:0; length:4;} abbrev {offset:57; length:1;expansion:mm;}">
                <Coords points="366,1844 603,1847 819,1857 970,1837 1213,1856 1394,1835 1750,1825 1787,1759 1532,1752 1324,1756 1264,1783 925,1759 872,1801 450,1739 397,1765"/>
                <Baseline points="378,1822 446,1826 515,1828 584,1826 653,1827 722,1830 790,1831 859,1830 928,1829 997,1826 1066,1824 1134,1823 1203,1823 1272,1824 1341,1822 1410,1821 1478,1815 1547,1806 1616,1802 1685,1807 1754,1814"/>
                <TextEquiv>
                    <Unicode>hatt Er Einsmal ex professo audienz angebracht vnd Ihn namen des</Unicode>
                </TextEquiv>
            </TextLine>
            <TextLine id="tr_1_tl_21" custom="readingOrder {index:15;} cipher {offset:39; length:52;decryption:schwarczenb;}">
                <Coords points="391,1914 523,1931 580,1931 631,1953 658,1929 786,1949 1038,1944 1226,1963 1576,1978 1802,1982 1803,1941 1692,1918 1327,1916 1135,1859 1088,1899 961,1865 771,1901 459,1849 407,1862"/>
                <Baseline points="398,1906 467,1910 537,1915 606,1920 676,1921 746,1925 815,1928 885,1926 954,1930 1024,1930 1094,1932 1163,1934 1233,1940 1302,1946 1372,1950 1442,1952 1511,1954 1581,1955 1650,1961 1720,1970 1790,1976"/>
                <TextEquiv>
                    <Unicode>Königs bey mir angebracht, wie daß der 34 / 42 / 31 / 21 / 11 / 24 / 42 / 42 / 12 / 43 / 21</Unicode>
                </TextEquiv>
            </TextLine>
            <TextLine id="tr_1_tl_22" custom="readingOrder {index:16;} cipher {offset:0; length:14;decryption:er(g);}">
                <Coords points="395,1986 549,2009 583,1995 724,2000 828,2021 962,2028 1135,2037 1190,2022 1231,2037 1348,2045 1428,2029 1504,2066 1582,2028 1729,2068 1779,1991 1619,1987 1571,2008 1517,1978 1393,1972 1335,1984 1078,1968 1025,2002 785,1939 759,1958 693,1940 618,1965 403,1937"/>
                <Baseline points="400,1970 466,1975 533,1982 599,1986 666,1988 732,1990 799,1997 865,2004 932,2011 998,2020 1065,2022 1131,2021 1198,2020 1264,2020 1331,2024 1397,2025 1464,2022 1530,2023 1597,2026 1663,2033 1730,2052"/>
                <TextEquiv>
                    <Unicode>12 / 24 / 3 90 Seinem Konig gar suspect Seye, dahero Er Verlange, daß Ich</Unicode>
                </TextEquiv>
            </TextLine>
            <TextLine id="tr_1_tl_23" custom="readingOrder {index:17;}">
                <Coords points="391,2058 487,2059 533,2051 582,2072 607,2057 763,2068 827,2088 859,2074 932,2095 1284,2117 1451,2095 1781,2140 1786,2096 1687,2065 1534,2062 1509,2071 1460,2055 1262,2045 1191,2030 1149,2059 998,2035 852,2021 508,2013 403,2019"/>
                <Baseline points="398,2048 467,2046 536,2049 605,2054 674,2054 744,2059 813,2065 882,2073 951,2081 1020,2085 1090,2088 1159,2086 1228,2086 1297,2090 1366,2093 1436,2094 1505,2094 1574,2098 1643,2105 1712,2119 1782,2130"/>
                <TextEquiv>
                    <Unicode>auch mich Seiner mitt guetter manier loßmachen Solle, wie dann es guette</Unicode>
                </TextEquiv>
            </TextLine>
            <TextLine id="tr_1_tl_24" custom="readingOrder {index:18;} cipher {offset:22; length:65;decryption:Erczherzogs\u0020Leopol;} corrected {offset:22; length:1;}">
                <Coords points="406,2133 457,2127 654,2144 671,2127 918,2153 933,2165 1018,2174 1051,2165 1203,2178 1225,2187 1271,2180 1450,2192 1600,2180 1666,2207 1692,2204 1734,2230 1755,2215 1790,2233 1800,2201 1785,2180 1542,2137 1460,2141 1197,2136 924,2100 901,2109 864,2074 814,2096 734,2071 623,2064 599,2083 563,2072 477,2068 417,2074"/>
                <Baseline points="414,2104 482,2107 551,2111 620,2117 689,2120 758,2124 827,2131 896,2142 965,2151 1034,2158 1103,2162 1171,2166 1240,2171 1309,2174 1378,2176 1447,2179 1516,2180 1585,2180 1654,2190 1723,2206 1792,2224"/>
                <TextEquiv>
                    <Unicode>gelegenheitt gabe des 12 / 24 / 42 / 42 / 31 / 12 24 42 14 32 / 34 06 23 12 14 21 14 23</Unicode>
                </TextEquiv>
            </TextLine>
            <TextLine id="tr_1_tl_25" custom="readingOrder {index:19;} cipher {offset:0; length:27;decryption:ds\u0020doo;} textStyle {offset:49; length:1;strikethrough}">
                <Coords points="410,2189 504,2193 536,2186 546,2204 576,2191 595,2205 672,2210 740,2210 745,2227 765,2214 893,2218 903,2232 921,2221 1052,2230 1078,2245 1111,2225 1235,2240 1599,2254 1639,2276 1667,2253 1776,2265 1790,2235 1757,2215 1720,2235 1694,2205 1662,2221 1615,2184 1577,2201 1484,2190 1444,2203 1415,2190 1325,2192 1259,2190 1230,2211 1191,2182 1162,2190 1026,2178 865,2168 823,2186 558,2145 422,2151"/>
                <Baseline points="420,2174 488,2177 556,2182 624,2191 692,2200 760,2206 828,2213 896,2214 964,2218 1032,2222 1100,2225 1168,2226 1236,2230 1304,2232 1372,2233 1440,2238 1508,2238 1576,2240 1644,2245 1712,2252 1780,2264"/>
                <TextEquiv>
                    <Unicode>41 34 69 / 41 / 14 / 14 570. Dises Zu beglauben, hVbermachte Er mir Ein schreiben </Unicode>
                </TextEquiv>
            </TextLine>
            <TextLine id="tr_1_tl_26" custom="readingOrder {index:20;} gap {offset:40; length:0;}">
                <Coords points="366,2249 603,2258 741,2253 888,2273 993,2275 982,2293 1013,2303 1032,2276 1079,2279 1092,2291 1110,2282 1244,2287 1279,2295 1316,2312 1348,2324 1444,2308 1554,2304 1677,2305 1698,2315 1732,2307 1734,2261 1643,2281 1614,2267 1595,2269 1517,2253 1149,2239 1112,2222 1091,2249 1025,2252 1024,2233 930,2225 903,2234 876,2215 787,2217 746,2233 738,2210 696,2212 551,2212 540,2198 503,2200 363,2198"/>
                <Baseline points="376,2242 444,2238 512,2240 580,2242 648,2244 716,2247 784,2249 852,2257 920,2262 988,2270 1056,2274 1124,2274 1192,2278 1260,2282 1328,2289 1396,2298 1464,2300 1532,2298 1600,2300 1668,2300 1736,2308"/>
                <TextEquiv>
                    <Unicode>Von König, So Eben diß Inhaldts gwesen.   Ich habe aber darauf </Unicode>
                </TextEquiv>
            </TextLine>
            <TextLine id="tr_1_tl_27" custom="readingOrder {index:21;} abbrev {offset:50; length:1;expansion:mm;}">
                <Coords points="375,2326 475,2331 509,2319 669,2325 708,2345 738,2325 904,2329 1093,2345 1220,2344 1226,2358 1260,2347 1304,2363 1333,2354 1521,2358 1519,2373 1547,2361 1741,2362 1739,2323 1708,2330 1677,2302 1606,2307 1520,2304 1473,2328 1342,2329 1292,2292 1240,2299 1134,2283 1101,2295 1071,2281 1043,2275 1014,2309 957,2289 811,2275 515,2282 470,2287 429,2254 374,2262"/>
                <Baseline points="386,2320 454,2309 522,2311 590,2314 658,2316 726,2319 794,2321 862,2322 930,2326 998,2333 1066,2337 1134,2334 1202,2336 1270,2339 1338,2345 1406,2350 1474,2352 1542,2352 1610,2350 1678,2354 1746,2362"/>
                <TextEquiv>
                    <Unicode>In generalibus geandtwordt vnd Es Zue bedacht genomen. Er hatt es aber </Unicode>
                </TextEquiv>
            </TextLine>
            <TextLine id="tr_1_tl_28" custom="readingOrder {index:22;} corrected {offset:25; length:1;}">
                <Coords points="362,2387 563,2384 661,2398 780,2372 844,2383 854,2401 885,2383 1004,2395 1230,2389 1333,2413 1357,2388 1379,2406 1400,2430 1420,2410 1502,2415 1512,2428 1541,2410 1559,2425 1586,2434 1623,2412 1715,2424 1771,2424 1780,2408 1727,2381 1629,2382 1594,2357 1522,2382 1516,2355 1479,2374 1435,2358 1369,2361 1312,2371 1154,2359 1031,2346 1021,2340 971,2338 957,2360 922,2330 838,2327 812,2333 780,2325 739,2324 730,2352 645,2327 628,2337 610,2326 587,2322 556,2343 484,2328 456,2338 354,2339"/>
                <Baseline points="360,2378 430,2373 501,2372 572,2372 643,2370 714,2372 784,2374 855,2374 926,2377 997,2384 1068,2386 1138,2384 1209,2387 1280,2391 1351,2400 1422,2402 1492,2403 1563,2406 1634,2408 1705,2413 1776,2426"/>
                <TextEquiv>
                    <Unicode>weitter nitt Vrgirdt, Sondern Ist wider daruber auf Pariß gezogen. nun</Unicode>
                </TextEquiv>
            </TextLine>
            <TextLine id="tr_1_tl_29" custom="readingOrder {index:23;} corrected {offset:41; length:1;}">
                <Coords points="370,2461 470,2449 564,2457 616,2451 624,2468 650,2454 679,2471 726,2457 765,2463 796,2478 829,2461 842,2474 866,2461 1119,2469 1134,2478 1161,2459 1241,2457 1262,2464 1347,2464 1354,2480 1370,2485 1401,2462 1543,2465 1562,2476 1587,2460 1643,2487 1694,2471 1759,2482 1785,2429 1627,2433 1583,2426 1561,2434 1519,2439 1501,2418 1430,2417 1402,2437 1357,2392 1326,2423 1290,2401 1246,2397 1178,2406 867,2407 843,2420 786,2384 690,2413 596,2395 370,2396"/>
                <Baseline points="380,2446 449,2442 518,2443 587,2446 656,2448 725,2452 794,2452 863,2454 932,2457 1001,2459 1070,2460 1139,2457 1208,2452 1277,2452 1346,2454 1415,2457 1484,2456 1553,2456 1622,2458 1691,2464 1760,2478"/>
                <TextEquiv>
                    <Unicode>Ist mir hernach offt Eingefallen, ob daß Nitt Ein fingirdtes werkh Seye vnd</Unicode>
                </TextEquiv>
            </TextLine>
            <TextLine id="tr_1_tl_30" custom="readingOrder {index:24;}">
                <Coords points="392,2492 579,2526 762,2532 1268,2505 1370,2529 1579,2527 1768,2517 1764,2493 1702,2475 1649,2489 1601,2476 1582,2487 1539,2468 1403,2482 1382,2496 1271,2467 1161,2462 1126,2485 1084,2466 930,2468 858,2489 829,2464 809,2486 727,2457 687,2479 650,2459 618,2473 611,2457 455,2452 392,2472"/>
                <Baseline points="402,2492 465,2488 528,2492 591,2497 655,2502 718,2508 781,2511 845,2512 908,2512 971,2512 1035,2510 1098,2508 1161,2507 1224,2503 1288,2503 1351,2509 1414,2515 1478,2514 1541,2510 1604,2510 1750,2512"/>
                <TextEquiv>
                    <Unicode>ob der brief des Konigs nitt auf Ein Carta bianca geschrieben gwesen,</Unicode>
                </TextEquiv>
            </TextLine>
            <TextEquiv>
                <Unicode></Unicode>
            </TextEquiv>
        </TextRegion>
    </Page>
</PcGts>
