1944 2592
358 219 1916 423 Vngrund vnd fundiren Sich principaliter auf diß schone concept,
389 315 1882 488 der Ambrun habe Verlangt den prinzen auch An Verbottenen
386 417 1902 606 ordten Zu besichtigen ( che Insolenza francese), Es Seye aber
334 534 1874 709 Ihme nitt Zuegelasßen worden. Ihr Konig haben Seinen delfin
386 652 1902 808 nitt allein dem la fuente, Son So gar durch Ein Fenster dem populo
331 748 1912 938 Zeigen lasßen. Wann Ich anstatt der spanier wer, So woldte Ihr Ihnen
345 856 1930 1067 den prinz auch In So schener manir waisen, nur ad ostruenda ora malig
354 965 1890 1122 norum. Waß haldt Ihr Von diser Schonen histori? Ich habs nur
307 1063 1918 1236 Von die lang wail Euch schreiben wollen. Iam ad Nos. Wir
262 1174 1910 1339 die tyrkhen Sein Zu gran vnd Sagt mann, Sie weren di donaw
305 1282 1921 1445 passirdt, quod tamen certe nobis non constat. Vnser armada
270 1412 1895 1579 Movirdt Sich auch vnd passirdt morgen auch die thonau bey Presspurch,
303 1526 1912 1675 si Ita videbitur den generalen vnd zwei alhie anweßenden Reichs
313 1620 1815 1778 fürsten, So morgen alda Ein Conferenz haldten werden. So Ihr
309 1756 1768 1900 alles mehres von portia Vernemen wirdt. vnd Ich Verbleibe
335 1807 1479 2007 Euch mitt allen hulden vnd genaden wolgwogen.
372 1908 673 2051 Leopoldt
1134 1977 1868 2110 Wienn, den 3. Septemb.
1717 2081 1847 2162 1664
376 2032 1628 2209 Wann nix darein Kombt, So Ziehe Ich auf die
394 2124 1008 2268 wochen auf Eberstorf.
