1944 2592
341 241 1793 425 Lieber Von Pötting. Ich habe Eure relation Von 27. augusti
338 375 1732 524 Empfangen. Waß nun, daß 34 44 11 24 42 42 12 43 21 12 24
342 476 1820 646 32 13 34 42 31 12 06 wesen anlangt, will der ferern nachricht
347 586 1754 705 Erwardten, allein habe Ich Euch noch diß Erindern wollen, daß 13 43 0
328 719 1830 841 41 12 43 0 21/ 12 / 21 / 44 / 34 / 41/ 13 / 43 / 065 / 34 / 42 / 31 / 24 / 12 / 13 / 21 / 12 / 43 / 064 / 22 44 42
1770 830 1823 872 31
321 789 1831 975 41 12 24 06 41 14 43 07 / 23 / 44 / 13 / 34 / 79 / 41 / 12 / 14 / 13 / 11 / 43 / 32 / 44 / 24 / 12 / 24 / 6
336 918 1802 1054 44 43 41 12 24 34 42 31 24 13 21 12 43 06 gwesen. Sonsten bin Ich
336 1000 1741 1123 Gott lob wol auf vnd thue Euch mitt gnädigster Consolation zu
315 1092 1816 1239 wisßen, daß die durch Fridenstractaten mitt den türkhen durch
306 1211 1722 1338 die genad Gottes In So weitt gebracht worden, daß Es noch
304 1321 1803 1425 nur an der ratification Erwindet, So Ich aber Stundtlich Erwardte
304 1428 1808 1553 vnd werde So dann Von allen durch Einen Expressen Courier hinein
312 1519 894 1659 parte geben Imisteldt
700 1502 964 1607 Imittels
890 1517 1788 1670 Köndt Ihr auch den Konig (neben
308 1620 1806 1763 Einreichung des mittKombenden schrweiben, Worinen auch dise ma
297 1739 1820 1897 teri berirdt wirdt) Alßbaldt parte geben. Gott Sey gedankht,
306 1818 1779 1974 Ich hoffe diß Solle Ein werkch Sein, So Vnserm haus Sehr
319 1939 1766 2047 nuzlich Sein wirdt. Ich zweifle nit, Er werde malae linguae
308 2030 1775 2178 hinwider schreiben vnd werden absonderlch, weilen neihaisel hinden
312 2114 1720 2275 bleibt, aber patientia, Vnser lender hetten Es schier nimer
317 2221 1745 2403 außdauren Können. Ach wie gern hördte Ich auch Ein Zeittung
317 2335 1788 2557 44 14 43 06 22 24 13 41 12 43 069 33 13 41 9 21 14 24 41 44 31 11 23 2
