1944 2592
406 80 1906 291 wol beKennen, daß Ich Vor Sehr notweindig haldte, daß Ehistens Ein Spanischer
399 166 1869 330 Potschaffter an Meinem hove ware, diß nit So vil wegen der
403 258 1883 409 negotien, alß welche ohne diß Ein guetten lauff haben, allein wegen
383 338 1901 498 der emuli, So mein, wir Sein nitt wol Unirdt, weillen nit daß sig
379 401 1882 541 num exterius das da Ist, alß wollet Ihr auf alle waiß darob vnd
374 465 1899 623 dahin solicitiren vnd treiben, daß doch dermal Eins Ein Potschafter
385 514 1896 692 an mein hove geschiKet werde, sit quisquis velit Ein Iezder wirdt
380 598 1884 744 guett Sein, wann nur Einer da Ist. dann Iezo weil arquinto
385 663 1882 846 abgeforderdt wirdt, bleibt Kein Einziger spanische minister Zue
350 734 1902 941 Stell, alß der armbselbie Baron contator cioe der Diego
354 821 1902 992 de prado, So Einmal gar schwach In glauben Ist. Die Ist mein
359 880 1896 1052 ware Intention vnd dahero Schaut, daß Sie Ehistens Eraicht werde.
272 952 1897 1129 Noch Eins were wol guett, wann die h. Spanier daß portugesische
298 1043 1887 1213 weesen per unam aut alia Viam Köndten Zue Enden bringen, causaus
293 1122 1882 1271 nullas attingo, vobis Enim absque hoc notissimae sunt, doch woldt
305 1189 1880 1355 Ihr Sehn, ob nit Etwaß Köndte gericht werden. Peñeranda wirdt Zu
303 1265 1883 1435 diesem gwiß Cooperiren, hoc Certe scio. Sonsten bin Ich Gott
316 1346 1862 1497 lob gar wol vnd Sein Ihr Majestät die Kayserin den 15. diß
292 1420 1879 1594 glichlich alhir angelangt. Zu beschluß thue Ich nur recapituliren,
304 1496 1876 1697 daß Ihr bey der Konigin antreibt, Vt Ipsa vocet ad se Ministros vnd
310 1567 1877 1789 daß Sie Ihnen Zu spreche, daß Ihr auch mitten allen ministris Selbst
320 1652 1835 1855 handlet, daß Ihr alles vnd IeDes ausfürlich den P. neidhardt
317 1734 1873 1948 Communicidt, alß deme Ich nur gar Kurz et me remittendo ad Vos
330 1805 1806 1987 schreibe, daß Ihr leztlich ommia humana et posibilia
305 1888 1866 2070 media tentirdt, dise Raiß Zu befördern. vnd Ich Verbleibe Euch
313 1943 1608 2125 alzeitt mitt Kay. hulden vnd genaden wolgewogen
292 2023 655 2140 Leopoldt
1590 2021 1836 2102 Wienn
1589 2085 1854 2175 den 25. 8b.
1724 2152 1866 2215 1664
341 2131 483 2198 P.S.
279 2182 1839 2351 habe Euch nur So vill noch Erindern wollen, daß ich das Ienige schreiben,
288 2248 1855 2404 So die Konigin denen Ministris aufwaißen Sollen vnd Ihn Ihren copert
291 2299 1852 2485 ligt, nit spanisch, Sondern Italienisch geschriben habe et hoc ex 2 causis,
259 2359 1852 2492 1o weilen Ich nit perfect spanis Kan, 2do weillen Ich alzeitt dem Konig Selbst
1211 2456 1850 2538 In lingua Italica schreiben thue.
