1944 2592
364 291 1748 480 Lieber grav von Pötting. Weillen bringer dises, Mein
341 400 1796 600 hoffCammerrath, Baron de Lisola Sich In spanien
364 503 1788 653 begibt wegen Etlicher Sein particular affairen, also
346 589 1689 768 habe vor guette Erachtet, durch Ihne Ein vnd die
364 693 1838 856 andere Information an Selbigen Kön. hispanischen
340 794 1746 974 hove abzulegen. habe Ihm aber befolgen, In allen
365 901 1864 1088 Von Euch zu dependiren; habe also Euch himit gnädigst befelhen
321 1000 1770 1170 wollen, daß Ihr allen deme, So Er Euch Verbringen wirdt,
338 1106 1822 1267 nitt allein volligen glauben geben, Sondern Ihne lisola
357 1218 1802 1363 auch also an die handt Stehen vnd assistiren Sollet,
348 1318 1861 1479 alß wie mein gnädigstest Vetrauen zu Euch gestelldt Ist, meines
349 1439 1829 1581 gesambten Erzhaus diensten wolfardt Erfordtern thuet. vnd
308 1542 1863 1706 weillen Er lang auf der raiß bleiben wirdt, also Will Mich
318 1630 1857 1800 Nitt lenger aufhalten, Sondern beziehe mich
318 1753 1863 1958 auf Ihm de lisola vnd Verbleibe Euch alzeitt mitt Kay.
308 1858 1170 2033 hulden vnd genaden vollgwogen
242 1952 788 2180 Leopoldt
1207 1893 1872 2058 Wienn, den 12. decemb.
1649 1990 1836 2121 1664
