<?xml version="1.0" encoding="UTF-8" standalone="yes"?>
<PcGts xmlns="http://schema.primaresearch.org/PAGE/gts/pagecontent/2013-07-15" xmlns:xsi="http://www.w3.org/2001/XMLSchema-instance" xsi:schemaLocation="http://schema.primaresearch.org/PAGE/gts/pagecontent/2013-07-15 http://schema.primaresearch.org/PAGE/gts/pagecontent/2013-07-15/pagecontent.xsd">
    <Metadata>
        <Creator>Transkribus</Creator>
        <Created>2025-10-07T16:00:04.834+02:00</Created>
        <LastChange>2025-11-14T10:25:32.095+01:00</LastChange>
        <TranskribusMetadata docId="11132745" pageId="104004660" pageNr="132" tsid="262036866" status="GT" userId="220254" imgUrl="https://files.transkribus.eu/Get?fileType=view&amp;id=YGGFARQAYLWRSJMXGKXULYAH" xmlUrl="https://files.transkribus.eu/Get?id=JUGXRKCOJEJATFYHKUFBBSHB" imageId="87275669"/>
    </Metadata>
    <Page imageFilename="0132_HHStA, GK, K. 33.1, Buch 1662-1665, fol. 175r.JPG" imageWidth="1944" imageHeight="2592">
        <ReadingOrder>
            <OrderedGroup id="ro_1765532874637" caption="Regions reading order">
                <RegionRefIndexed index="0" regionRef="r"/>
            </OrderedGroup>
        </ReadingOrder>
        <TextRegion id="r" custom="readingOrder {index:0;}">
            <Coords points="334,215 1847,215 1849,2474 319,2495"/>
            <TextLine id="l" custom="readingOrder {index:0;}">
                <Coords points="454,225 619,242 698,263 722,277 835,252 877,254 902,275 928,262 959,279 984,245 1006,244 993,285 1022,279 1105,265 1143,269 1164,269 1235,271 1327,287 1371,273 1392,292 1527,296 1596,307 1700,325 1724,331 1764,337 1758,399 1413,370 1401,389 1374,388 1362,376 1373,361 1332,358 1333,370 1308,372 1300,362 1287,359 1228,359 1194,366 1164,379 1154,371 1177,347 1081,340 1064,356 1046,359 1041,335 962,334 947,361 929,335 911,327 759,332 744,356 717,381 703,393 674,397 684,351 636,351 580,364 568,345 518,344 484,334 468,334 455,346 364,382"/>
                <Baseline points="379,333 474,332 504,332 534,332 565,331 602,330 632,330 662,326 692,324 722,322 752,324 782,324 812,322 842,322 872,320 902,320 932,322 962,324 992,324 1022,324 1052,326 1082,328 1112,330 1142,332 1172,338 1202,349 1219,348 1250,348 1280,348 1310,350 1340,352 1370,354 1400,356 1430,358 1460,358 1490,360 1520,362 1550,366 1580,366 1610,368 1654,372 1682,376 1712,382 1743,396"/>
                <TextEquiv>
                    <Unicode>Lieber Potting. Vor dißmal habe Ich 2 Eur schreiben zu beantdt,</Unicode>
                </TextEquiv>
            </TextLine>
            <TextLine id="r_tl_3" custom="readingOrder {index:1;} abbrev {offset:13; length:4;expansion:Novembris;} textStyle {offset:24; length:2;superscript} abbrev {offset:35; length:4;expansion:Decembris;}">
                <Coords points="414,385 471,335 486,336 485,353 466,383 496,383 535,356 553,356 561,371 582,371 589,385 650,392 672,402 693,401 734,364 755,366 796,379 826,377 856,377 886,375 918,355 946,373 975,349 1006,377 1036,368 1062,361 1096,383 1126,385 1156,385 1186,389 1216,389 1246,391 1276,391 1302,372 1317,373 1315,392 1336,391 1366,393 1386,391 1431,385 1456,397 1488,382 1522,386 1546,403 1577,407 1577,407 1608,411 1638,411 1664,396 1680,395 1690,412 1748,415 1766,443 1750,473 1728,472 1698,467 1668,467 1637,465 1602,464 1577,457 1577,457 1538,474 1516,449 1486,447 1456,447 1436,462 1386,459 1366,443 1336,441 1306,441 1298,466 1259,460 1202,449 1186,439 1143,461 1126,435 1096,433 1066,427 1036,427 1006,427 976,425 951,433 916,427 886,425 871,447 826,427 796,429 764,440 706,436 659,443 646,431 616,429 586,429 556,431 526,431 488,438 466,433 421,478 391,450"/>
                <Baseline points="414,430 436,428 466,428 496,428 526,426 556,426 586,424 616,424 646,426 676,426 706,424 736,422 766,422 796,424 826,422 856,422 886,420 916,422 946,418 976,420 1006,422 1036,422 1066,422 1096,428 1126,430 1156,430 1186,434 1216,434 1246,436 1276,436 1306,436 1336,436 1366,438 1396,440 1426,442 1456,442 1486,442 1516,444 1546,448 1577,452 1577,452 1608,456 1638,456 1668,458 1698,462 1728,464 1750,468"/>
                <TextEquiv>
                    <Unicode>Eins Von 21. Nov., daß 2te  von 4. 10b. vnd Ist die post wider</Unicode>
                </TextEquiv>
            </TextLine>
            <TextLine id="r_tl_4" custom="readingOrder {index:2;} abbrev {offset:50; length:1;expansion:mm;}">
                <Coords points="377,441 435,437 490,444 486,479 516,481 538,448 585,442 606,479 636,479 666,477 696,477 726,477 770,441 786,475 816,475 861,453 876,477 906,475 936,475 964,449 1023,446 1026,473 1056,475 1086,475 1111,448 1131,455 1146,475 1176,475 1206,477 1236,477 1287,466 1296,479 1326,479 1356,485 1386,481 1416,483 1446,483 1476,483 1498,485 1510,493 1538,495 1590,477 1604,493 1628,503 1658,507 1688,509 1718,513 1748,521 1748,517 1761,546 1762,565 1759,577 1678,602 1658,599 1680,567 1628,553 1598,551 1568,551 1534,557 1490,586 1472,573 1474,539 1446,533 1416,533 1386,531 1369,543 1326,529 1296,529 1266,531 1238,533 1181,547 1176,525 1146,525 1116,523 1086,525 1056,525 1026,523 996,523 966,525 936,525 921,530 894,551 864,554 877,528 846,525 816,525 786,525 756,525 722,540 703,542 658,574 675,536 666,527 636,529 606,529 576,529 546,529 501,586 473,587 486,529 456,529 426,531 408,573 360,585 368,524"/>
                <Baseline points="396,530 426,526 456,524 486,524 516,526 546,524 576,524 606,524 636,524 666,522 696,522 726,522 756,520 786,520 816,520 846,520 876,522 906,520 936,520 966,520 996,518 1026,518 1056,520 1086,520 1116,518 1146,520 1176,520 1206,522 1236,522 1266,526 1296,524 1326,524 1356,530 1386,526 1416,528 1446,528 1476,528 1498,530 1510,538 1538,540 1568,546 1598,546 1628,548 1658,552 1688,554 1718,558 1748,566 1748,562"/>
                <TextEquiv>
                    <Unicode>Ihn Ihren rechten lauff Komben, also daß die schlime weg</Unicode>
                </TextEquiv>
            </TextLine>
            <TextLine id="l_5" custom="readingOrder {index:3;} textStyle {offset:40; length:6;strikethrough}">
                <Coords points="1491,651 1490,651 1460,643 1430,641 1400,639 1370,637 1340,637 1310,637 1280,631 1250,633 1220,633 1190,631 1160,631 1130,629 1122,652 1089,654 1100,629 1070,629 1040,627 1010,627 997,644 949,662 950,625 920,625 890,625 860,627 830,625 800,625 770,627 740,627 714,633 636,638 620,627 568,630 537,638 504,635 479,632 453,635 380,633 380,583 410,579 440,579 447,558 465,557 467,597 510,592 530,577 560,577 590,575 620,577 650,577 680,577 710,577 740,577 766,560 808,561 808,575 830,575 852,559 867,560 865,577 890,575 920,575 950,575 980,577 1006,576 1020,554 1039,557 1040,577 1068,573 1097,563 1124,560 1130,579 1160,581 1180,569 1224,566 1250,583 1275,571 1311,581 1326,616 1359,609 1389,615 1388,563 1411,563 1425,610 1490,601 1491,601"/>
                <Baseline points="380,628 410,624 440,624 470,626 500,624 530,622 560,622 590,620 620,622 650,622 680,622 710,622 740,622 770,622 800,620 830,620 860,622 890,620 920,620 950,620 980,622 1010,622 1040,622 1070,624 1100,624 1130,624 1160,626 1190,626 1220,628 1250,628 1280,626 1310,632 1340,632 1370,632 1400,634 1430,636 1460,638 1474,639 1485,639"/>
                <TextEquiv>
                    <Unicode>vnd wetter Nur Selbe muessen Verhindert werden</Unicode>
                </TextEquiv>
            </TextLine>
            <TextLine id="r_tl_5" custom="readingOrder {index:4;}">
                <Coords points="1345,547 1411,552 1454,565 1484,565 1497,616 1454,615 1424,617 1367,605 1359,615 1334,616"/>
                <Baseline points="1345,597 1424,612 1454,610 1484,610"/>
                <TextEquiv>
                    <Unicode>haben.</Unicode>
                </TextEquiv>
            </TextLine>
            <TextLine id="l_1" custom="readingOrder {index:5;}">
                <Coords points="1505,602 1520,599 1541,586 1573,570 1583,578 1582,593 1610,601 1640,603 1670,607 1705,598 1730,611 1760,611 1769,651 1747,667 1730,667 1671,659 1645,656 1627,675 1605,672 1610,651 1583,653 1554,653 1513,662 1503,650"/>
                <Baseline points="1506,648 1520,644 1550,644 1580,644 1610,646 1640,648 1670,652 1700,656 1730,656 1744,660"/>
                <TextEquiv>
                    <Unicode>Nun habe</Unicode>
                </TextEquiv>
            </TextLine>
            <TextLine id="r_tl_7" custom="readingOrder {index:6;}">
                <Coords points="398,703 425,659 485,655 504,685 534,687 555,657 596,670 627,675 656,681 684,683 726,643 750,653 744,679 774,681 804,679 828,679 858,651 920,662 954,673 978,657 1016,647 1044,673 1074,673 1110,652 1135,644 1164,675 1196,675 1196,675 1224,671 1248,648 1280,649 1288,677 1318,675 1348,679 1378,681 1408,679 1453,646 1490,664 1530,676 1558,685 1586,656 1598,665 1599,684 1645,673 1685,681 1708,699 1738,701 1767,689 1798,715 1824,719 1824,769 1798,765 1768,759 1738,751 1708,749 1668,756 1648,747 1618,745 1588,743 1558,735 1528,733 1498,735 1468,731 1438,729 1386,747 1378,731 1346,738 1316,734 1288,727 1258,725 1228,725 1218,738 1170,740 1164,725 1134,723 1104,721 1074,723 1048,742 1020,745 1014,723 984,723 954,723 924,725 894,725 864,725 834,727 824,731 800,760 765,758 781,731 744,729 714,731 687,747 654,733 624,733 594,733 564,737 533,763 506,761 500,743 474,739 415,766 366,777"/>
                <Baseline points="393,748 414,746 444,738 474,734 504,730 534,732 564,732 594,728 624,728 654,728 684,728 714,726 744,724 774,726 804,724 834,722 864,720 894,720 924,720 954,718 984,718 1014,718 1044,718 1074,718 1104,716 1134,718 1164,720 1196,720 1196,720 1228,720 1258,720 1288,722 1318,720 1348,724 1378,726 1408,724 1438,724 1468,726 1498,726 1528,728 1558,730 1588,738 1618,740 1648,742 1678,742 1708,744 1738,746 1768,754 1798,760 1824,764"/>
                <TextEquiv>
                    <Unicode>Ich auß beden Euren schreiben Verstanden, In waß Stand daß Negotium</Unicode>
                </TextEquiv>
            </TextLine>
            <TextLine id="r_tl_8" custom="readingOrder {index:7;} unclear {offset:35; length:7;}">
                <Coords points="388,785 418,785 448,787 478,785 508,785 538,785 561,770 575,770 598,783 628,787 682,750 708,757 700,782 718,783 748,781 778,783 808,785 838,785 868,785 898,781 935,767 958,781 979,750 1006,740 1018,781 1033,765 1068,761 1108,779 1120,752 1145,735 1168,779 1198,779 1215,761 1265,746 1288,775 1312,762 1365,749 1378,775 1408,777 1438,777 1467,735 1502,746 1498,777 1528,777 1558,777 1588,779 1610,773 1633,754 1677,757 1678,783 1708,785 1738,789 1750,789 1768,811 1750,839 1734,845 1708,835 1678,833 1648,831 1618,829 1603,853 1560,857 1558,827 1528,827 1498,827 1468,829 1413,834 1353,828 1318,825 1299,846 1260,845 1271,825 1258,827 1202,838 1165,834 1138,827 1100,840 1048,834 1018,831 988,831 961,839 927,833 898,831 879,861 844,857 838,835 812,866 796,861 778,833 758,840 725,844 688,835 658,835 644,849 627,851 571,839 509,839 459,843 418,835 388,835"/>
                <Baseline points="388,830 418,830 448,832 478,830 508,830 538,830 568,830 598,828 628,832 658,830 688,830 718,828 748,826 778,828 808,830 838,830 868,830 898,826 928,824 958,826 988,826 1018,826 1048,824 1078,824 1108,824 1138,822 1168,824 1198,824 1228,824 1258,822 1288,820 1318,820 1348,820 1378,820 1408,822 1438,822 1468,824 1498,822 1528,822 1558,822 1588,824 1618,824 1648,826 1678,828 1708,830 1738,834 1750,834"/>
                <TextEquiv>
                    <Unicode>der abreis meiner gespons Versire, Zeither Main Courier</Unicode>
                </TextEquiv>
            </TextLine>
            <TextLine id="r_tl_9" custom="readingOrder {index:8;}">
                <Coords points="342,887 379,857 396,877 426,877 456,877 486,877 516,877 546,879 576,879 606,881 636,881 666,881 696,881 726,885 756,885 786,848 801,846 786,883 816,883 846,885 867,863 880,886 906,885 936,885 966,885 996,885 1026,885 1056,883 1086,883 1116,885 1148,870 1187,843 1204,849 1188,884 1215,886 1244,864 1254,871 1245,889 1266,889 1270,875 1285,868 1302,870 1298,885 1330,887 1360,885 1390,887 1420,885 1452,889 1452,889 1484,891 1518,873 1550,878 1576,875 1616,867 1634,891 1664,891 1694,893 1724,893 1754,895 1778,895 1801,948 1718,949 1694,943 1664,941 1634,941 1604,941 1574,941 1523,977 1506,966 1506,943 1485,950 1452,959 1412,963 1420,935 1390,937 1333,942 1309,950 1299,959 1273,965 1266,939 1248,937 1235,962 1211,964 1207,940 1195,968 1179,972 1168,965 1169,941 1147,940 1118,970 1075,979 1097,935 1057,994 1032,992 1072,933 1056,936 1026,935 996,935 966,935 936,935 901,944 876,935 845,943 815,935 786,933 754,946 726,935 701,960 662,973 668,935 636,938 616,938 590,961 567,985 551,977 576,929 546,933 517,931 486,930 456,927 426,933 396,927 367,936 342,937"/>
                <Baseline points="342,932 366,924 396,922 426,922 456,922 486,922 516,922 546,924 576,924 606,926 636,926 666,926 696,926 726,930 756,930 786,928 816,928 846,930 876,930 906,930 936,930 966,930 996,930 1026,930 1056,928 1086,928 1116,930 1146,930 1176,930 1206,930 1236,930 1266,934 1298,935 1298,935 1330,932 1360,930 1390,932 1420,930 1452,934 1452,934 1484,936 1514,936 1544,936 1574,936 1604,936 1634,936 1664,936 1694,938 1724,938 1754,940 1778,940"/>
                <TextEquiv>
                    <Unicode>darinnen angelangt, vnd wie wenig, Ia fast gar nichts hierinnen</Unicode>
                </TextEquiv>
            </TextLine>
            <TextLine id="r_tl_10" custom="readingOrder {index:9;} split_word {offset:60; length:3; continued:true;}">
                <Coords points="392,1004 412,991 442,989 484,962 502,987 535,974 562,981 596,977 622,985 652,985 670,984 689,966 703,965 712,985 742,983 772,983 793,983 823,957 873,956 862,981 892,979 922,983 948,968 974,950 977,962 957,996 966,1002 995,957 1028,945 1020,983 1035,1004 1080,957 1106,941 1115,965 1132,975 1162,977 1192,979 1217,969 1252,983 1282,981 1312,979 1342,979 1372,981 1402,981 1419,970 1462,968 1493,965 1500,976 1522,981 1543,982 1567,974 1582,987 1612,991 1642,993 1672,997 1709,964 1735,968 1732,995 1760,979 1782,977 1785,1047 1762,1043 1732,1045 1702,1045 1695,1029 1664,1047 1642,1043 1612,1031 1582,1037 1552,1033 1522,1031 1503,1046 1472,1051 1479,1033 1462,1031 1433,1035 1378,1036 1351,1050 1341,1041 1344,1031 1312,1029 1259,1040 1222,1029 1192,1035 1162,1027 1132,1025 1102,1030 1074,1029 1049,1028 1040,1040 1031,1040 1025,1031 1012,1033 980,1030 944,1046 898,1049 905,1028 892,1029 862,1031 832,1033 818,1038 804,1043 781,1070 767,1059 772,1033 742,1033 712,1035 683,1046 652,1035 622,1035 592,1035 562,1041 522,1042 472,1037 453,1046 436,1046 406,1069 384,1086 359,1091 346,1081"/>
                <Baseline points="382,1040 412,1036 442,1034 472,1032 502,1032 532,1032 562,1030 592,1030 622,1030 652,1030 682,1030 712,1030 742,1028 772,1028 802,1028 832,1028 862,1026 892,1024 922,1028 952,1026 982,1022 1012,1022 1042,1022 1072,1020 1102,1020 1132,1020 1162,1022 1192,1024 1222,1024 1252,1028 1282,1026 1312,1024 1342,1024 1372,1026 1402,1026 1432,1026 1462,1026 1492,1028 1522,1026 1552,1028 1582,1032 1612,1036 1642,1038 1672,1042 1702,1040 1732,1040 1762,1038 1778,1040"/>
                <TextEquiv>
                    <Unicode>gehandledt worden. Ich waiß Ia Einmal nix mehr Zue thun als Con</Unicode>
                </TextEquiv>
            </TextLine>
            <TextLine id="r_tl_11" custom="readingOrder {index:10;} split_word {offset:0; length:4; continued:true;} cipher {offset:47; length:2;decryption:Pötting;}">
                <Coords points="376,1095 395,1074 423,1050 436,1065 466,1065 496,1067 524,1055 542,1048 551,1059 545,1071 586,1065 616,1063 646,1061 676,1059 706,1059 726,1050 752,1071 769,1073 791,1052 811,1040 824,1043 811,1072 879,1066 908,1050 988,1036 976,1059 1003,1054 1020,1044 1026,1043 1030,1047 1054,1029 1067,1031 1053,1065 1096,1051 1141,1030 1156,1053 1186,1051 1216,1034 1252,1043 1276,1038 1275,1057 1306,1053 1336,1053 1363,1047 1390,1039 1396,1049 1410,1053 1426,1055 1456,1057 1486,1057 1519,1050 1546,1063 1576,1061 1609,1037 1620,1039 1616,1051 1604,1062 1653,1057 1695,1030 1696,1043 1696,1059 1746,1052 1728,1109 1696,1109 1659,1120 1636,1111 1606,1109 1577,1118 1544,1120 1516,1111 1486,1107 1456,1107 1426,1105 1397,1110 1366,1114 1339,1124 1299,1118 1306,1103 1276,1101 1246,1099 1216,1104 1186,1101 1156,1103 1126,1101 1096,1101 1063,1125 1036,1105 1005,1129 957,1132 946,1107 916,1107 886,1107 856,1107 826,1107 796,1107 766,1120 736,1109 706,1109 676,1109 646,1111 627,1125 598,1130 562,1141 568,1121 580,1117 556,1113 526,1115 497,1157 462,1157 484,1116 466,1115 436,1115 391,1141 373,1126"/>
                <Baseline points="390,1114 406,1110 436,1110 466,1110 496,1112 526,1110 556,1108 586,1110 616,1108 646,1106 676,1104 706,1104 736,1104 766,1102 796,1102 826,1102 856,1102 886,1102 916,1102 946,1102 976,1104 1006,1102 1036,1100 1066,1098 1096,1096 1126,1096 1156,1098 1186,1096 1216,1096 1246,1094 1276,1096 1306,1098 1336,1098 1366,1100 1396,1100 1426,1100 1456,1102 1486,1102 1516,1106 1546,1108 1576,1106 1606,1104 1636,1106 1666,1106 1696,1104 1726,1104"/>
                <TextEquiv>
                    <Unicode>tine Zu sollicitirn, So Ihr Gar Wol thuet. Daß BL </Unicode>
                </TextEquiv>
            </TextLine>
            <TextLine id="l_2" custom="readingOrder {index:11;} cipher {offset:8; length:2;decryption:Kaiser;} cipher {offset:16; length:49;decryption:mitt\u0020einer\u0020scher;} corrected {offset:31; length:1;}">
                <Coords points="398,1187 402,1159 430,1153 485,1164 609,1152 667,1117 699,1125 738,1112 783,1126 974,1137 1091,1139 1135,1106 1188,1102 1220,1105 1206,1135 1236,1135 1386,1137 1416,1139 1566,1151 1764,1171 1854,1206 1848,1259 1335,1194 1178,1196 1155,1226 1139,1227 1116,1192 996,1214 885,1199 685,1203 670,1211 651,1226 643,1213 646,1200 631,1201 627,1226 569,1227 573,1200 460,1205 442,1204 424,1208 409,1231 394,1226"/>
                <Baseline points="402,1204 430,1198 460,1196 490,1194 520,1194 550,1194 580,1194 610,1194 640,1192 670,1194 700,1194 730,1192 760,1188 790,1186 820,1190 850,1188 880,1186 910,1184 942,1184 942,1184 974,1182 1004,1182 1034,1182 1064,1182 1094,1186 1106,1184 1146,1186 1176,1182 1206,1180 1236,1180 1266,1184 1296,1182 1326,1182 1356,1182 1386,1182 1416,1184 1446,1190 1476,1190 1506,1192 1536,1194 1566,1196 1594,1208 1624,1208 1654,1210 1684,1210 1714,1214 1744,1216 1763,1222 1780,1230 1812,1242 1842,1250"/>
                <TextEquiv>
                    <Unicode>mainet, AF Soll 33 13 41 41 06 12 13 43 12 24 0 34 24 31 12 24 06</Unicode>
                </TextEquiv>
            </TextLine>
            <TextLine id="l_7" custom="readingOrder {index:12;} cipher {offset:0; length:11;decryption:fe;} textStyle {offset:9; length:2;strikethrough}">
                <Coords points="597,1247 681,1254 666,1277 605,1288 572,1269 542,1269 512,1267 488,1287 451,1274 413,1274 402,1254 418,1219 422,1219 452,1219 482,1219 512,1217 542,1219 572,1219 613,1214"/>
                <Baseline points="418,1264 422,1264 452,1264 482,1264 512,1262 542,1264 584,1265 667,1267"/>
                <TextEquiv>
                    <Unicode>22 12 06 41 </Unicode>
                </TextEquiv>
            </TextLine>
            <TextLine id="l_9" custom="readingOrder {index:13;} cipher {offset:0; length:2;decryption:m;}">
                <Coords points="668,1257 650,1256 627,1251 601,1243 615,1220 636,1213 662,1219 676,1218"/>
                <Baseline points="601,1243 631,1249 654,1251 665,1252"/>
                <TextEquiv>
                    <Unicode>33 </Unicode>
                </TextEquiv>
            </TextLine>
            <TextLine id="l_8" custom="readingOrder {index:14;} cipher {offset:0; length:60;decryption:it\u0020den\u0020spaniern\u0020proce;} corrected {offset:58; length:1;}">
                <Coords points="683,1224 692,1217 722,1219 752,1219 782,1217 812,1217 842,1215 872,1213 902,1215 932,1215 962,1215 992,1215 1022,1215 1052,1213 1082,1211 1112,1211 1142,1209 1172,1211 1202,1213 1232,1213 1262,1213 1292,1211 1322,1213 1352,1215 1382,1219 1382,1219 1412,1219 1442,1219 1472,1221 1502,1223 1532,1225 1562,1231 1592,1231 1622,1235 1652,1239 1682,1239 1712,1241 1742,1243 1783,1249 1802,1251 1813,1263 1816,1299 1808,1305 1793,1312 1755,1317 1731,1315 1732,1300 1742,1293 1712,1291 1682,1289 1652,1289 1637,1288 1610,1283 1592,1281 1575,1286 1532,1275 1502,1273 1472,1271 1442,1269 1432,1270 1351,1279 1322,1257 1292,1261 1245,1267 1202,1263 1177,1265 1148,1264 1117,1265 1082,1261 1067,1268 1052,1263 1022,1265 992,1265 962,1265 948,1272 932,1265 906,1279 897,1272 902,1265 872,1263 845,1271 806,1283 782,1267 759,1279 708,1290 713,1269 692,1267 666,1271"/>
                <Baseline points="676,1261 692,1262 722,1264 752,1264 782,1262 812,1262 842,1260 872,1258 902,1260 932,1260 962,1260 992,1260 1022,1260 1052,1258 1082,1256 1112,1256 1142,1254 1172,1256 1202,1258 1232,1258 1262,1258 1292,1256 1322,1258 1352,1260 1382,1264 1382,1264 1412,1264 1442,1264 1472,1266 1502,1268 1532,1270 1562,1276 1592,1276 1622,1280 1652,1284 1682,1284 1712,1286 1742,1288 1772,1294 1802,1296 1816,1294"/>
                <TextEquiv>
                    <Unicode>13 41 41 12 43 0 34 21 11 43 13 12 24 43 0 21 24 14 42 12 95 </Unicode>
                </TextEquiv>
            </TextLine>
            <TextLine id="r_tl_16" custom="readingOrder {index:15;} cipher {offset:0; length:18;decryption:diren;}">
                <Coords points="408,1300 440,1297 470,1297 500,1301 530,1301 560,1301 590,1299 620,1299 650,1301 680,1309 710,1307 740,1303 770,1311 800,1311 829,1287 889,1269 900,1276 890,1305 922,1281 938,1284 933,1310 984,1312 1019,1270 1047,1266 1066,1275 1070,1293 1105,1269 1130,1267 1105,1301 1135,1300 1156,1268 1187,1270 1174,1304 1225,1306 1239,1268 1252,1269 1251,1307 1280,1287 1312,1261 1323,1257 1328,1270 1317,1292 1340,1287 1363,1278 1378,1278 1415,1275 1425,1279 1430,1289 1460,1289 1477,1282 1508,1286 1535,1280 1553,1278 1550,1291 1580,1293 1602,1280 1636,1270 1645,1291 1662,1283 1671,1285 1670,1297 1700,1294 1730,1301 1744,1295 1761,1294 1742,1349 1730,1351 1700,1347 1685,1360 1670,1347 1640,1345 1610,1345 1580,1343 1550,1341 1532,1359 1517,1356 1520,1339 1490,1339 1460,1339 1430,1339 1400,1337 1370,1337 1340,1337 1310,1339 1280,1337 1250,1337 1225,1343 1200,1348 1163,1346 1134,1348 1105,1370 1056,1360 1027,1359 1010,1349 980,1351 950,1351 920,1351 890,1355 860,1361 830,1359 800,1361 770,1361 705,1401 659,1407 699,1361 680,1359 650,1351 620,1349 590,1349 560,1351 530,1351 500,1351 470,1355 422,1364 372,1343"/>
                <Baseline points="395,1346 440,1342 470,1342 500,1346 530,1346 560,1346 590,1344 620,1344 650,1346 680,1354 710,1352 740,1348 770,1356 800,1356 830,1354 860,1356 890,1350 920,1346 950,1346 980,1346 1010,1344 1040,1342 1070,1338 1100,1338 1130,1338 1160,1336 1190,1334 1220,1334 1250,1332 1280,1332 1310,1334 1340,1332 1370,1332 1400,1332 1430,1334 1460,1334 1490,1334 1520,1334 1550,1336 1580,1338 1610,1340 1640,1340 1670,1342 1700,1342 1730,1346 1742,1344"/>
                <TextEquiv>
                    <Unicode>41 13 24 12 43 789, Ist Zwar Nitt ohne vnd Köndte Villeicht Waß</Unicode>
                </TextEquiv>
            </TextLine>
            <TextLine id="r_tl_17" custom="readingOrder {index:16;}">
                <Coords points="396,1363 416,1359 446,1359 476,1361 506,1365 536,1363 566,1365 596,1367 626,1367 656,1369 686,1369 716,1369 746,1373 767,1379 788,1380 827,1378 896,1382 917,1365 931,1366 941,1381 966,1381 986,1361 1016,1361 1045,1375 1082,1376 1110,1367 1136,1357 1167,1347 1177,1347 1196,1355 1226,1355 1258,1339 1298,1340 1317,1342 1346,1353 1380,1343 1406,1351 1436,1353 1466,1351 1496,1349 1514,1364 1556,1349 1572,1344 1616,1347 1646,1349 1676,1351 1706,1349 1741,1331 1766,1351 1781,1402 1736,1399 1706,1399 1682,1422 1647,1421 1646,1399 1616,1397 1609,1412 1584,1410 1580,1399 1556,1399 1526,1401 1496,1399 1474,1408 1467,1398 1447,1402 1422,1429 1382,1427 1406,1401 1376,1403 1338,1425 1323,1425 1321,1410 1310,1432 1298,1439 1291,1422 1302,1407 1286,1403 1256,1405 1226,1405 1196,1405 1166,1407 1136,1407 1106,1409 1100,1429 1073,1435 1076,1409 1046,1409 1016,1411 986,1411 956,1413 926,1415 896,1415 866,1417 836,1424 806,1421 774,1429 729,1428 691,1427 671,1424 650,1424 626,1417 596,1417 566,1415 536,1413 491,1456 471,1447 476,1411 446,1410 417,1414 378,1425"/>
                <Baseline points="387,1415 416,1404 446,1404 476,1406 506,1410 536,1408 566,1410 596,1412 626,1412 656,1414 686,1414 716,1414 746,1418 776,1416 806,1416 836,1414 866,1412 896,1410 926,1410 956,1408 986,1406 1016,1406 1046,1404 1076,1404 1106,1404 1136,1402 1166,1402 1196,1400 1226,1400 1256,1400 1286,1398 1316,1400 1346,1398 1376,1398 1406,1396 1436,1398 1466,1396 1496,1394 1526,1396 1556,1394 1586,1394 1616,1392 1646,1394 1676,1396 1706,1394 1736,1394 1766,1396"/>
                <TextEquiv>
                    <Unicode>würkchen. Es Köndte wol aber auch die Suppen gar Versalzen.</Unicode>
                </TextEquiv>
            </TextLine>
            <TextLine id="r_tl_18" custom="readingOrder {index:17;}">
                <Coords points="400,1421 424,1423 454,1421 484,1421 514,1425 537,1417 585,1434 604,1423 634,1423 664,1423 694,1423 724,1421 754,1419 784,1417 814,1417 839,1426 860,1418 868,1429 908,1419 934,1406 964,1415 977,1423 1011,1397 1025,1399 1032,1428 1073,1431 1113,1435 1144,1415 1185,1397 1204,1415 1234,1413 1264,1415 1286,1431 1323,1429 1354,1415 1386,1417 1393,1430 1416,1430 1455,1396 1470,1399 1488,1413 1518,1411 1548,1409 1578,1409 1608,1409 1638,1409 1667,1393 1698,1405 1728,1405 1758,1405 1827,1412 1814,1456 1718,1490 1728,1455 1698,1455 1668,1457 1638,1459 1614,1479 1596,1475 1590,1470 1578,1459 1548,1459 1518,1461 1488,1463 1476,1474 1461,1483 1431,1491 1394,1491 1370,1490 1325,1490 1301,1491 1311,1464 1294,1463 1264,1465 1261,1490 1237,1487 1234,1463 1204,1465 1174,1467 1134,1479 1114,1467 1085,1470 1056,1470 1024,1465 1007,1487 987,1490 964,1465 934,1465 920,1478 901,1491 867,1488 874,1465 844,1467 796,1480 784,1467 754,1469 723,1482 694,1473 664,1473 634,1473 585,1484 559,1489 537,1490 514,1475 486,1533 448,1528 454,1471 424,1473 381,1474"/>
                <Baseline points="400,1466 424,1468 454,1466 484,1466 514,1470 544,1470 574,1470 604,1468 634,1468 664,1468 694,1468 724,1466 754,1464 784,1462 814,1462 844,1462 874,1460 904,1460 934,1460 964,1460 994,1460 1024,1460 1054,1458 1084,1460 1114,1462 1144,1460 1174,1462 1204,1460 1234,1458 1264,1460 1294,1458 1324,1462 1354,1460 1386,1462 1396,1462 1428,1460 1458,1458 1488,1458 1518,1456 1548,1454 1578,1454 1608,1454 1638,1454 1668,1452 1698,1450 1728,1450 1758,1450 1811,1450"/>
                <TextEquiv>
                    <Unicode>doch Kan Es noch alzeitt suo tempore geschehen, absonderlich</Unicode>
                </TextEquiv>
            </TextLine>
            <TextLine id="r_tl_19" custom="readingOrder {index:18;} cipher {offset:5; length:2;decryption:Pötting;} abbrev {offset:8; length:3;} cipher {offset:12; length:2;decryption:Kaiser;}">
                <Coords points="398,1531 407,1533 439,1521 479,1531 511,1534 535,1535 582,1500 588,1521 621,1506 648,1521 678,1521 688,1497 704,1496 738,1525 768,1519 825,1487 851,1498 870,1501 888,1513 918,1511 948,1511 966,1491 983,1493 1001,1506 1008,1509 1038,1507 1069,1480 1109,1482 1128,1505 1158,1505 1188,1501 1218,1501 1248,1503 1278,1501 1308,1499 1338,1499 1368,1497 1397,1490 1428,1495 1458,1495 1488,1495 1518,1495 1548,1495 1589,1471 1606,1478 1625,1480 1646,1485 1668,1489 1712,1475 1765,1486 1727,1544 1698,1539 1665,1554 1638,1555 1608,1541 1581,1553 1548,1545 1518,1545 1488,1545 1458,1545 1428,1545 1398,1549 1367,1555 1338,1549 1304,1556 1279,1556 1247,1558 1218,1551 1187,1564 1158,1555 1135,1558 1119,1579 1105,1588 1096,1589 1091,1585 1094,1562 1068,1555 1038,1557 1008,1559 987,1572 960,1555 948,1561 918,1561 886,1578 858,1565 828,1567 806,1598 759,1593 732,1595 728,1578 708,1571 678,1571 648,1571 618,1571 554,1584 555,1572 549,1570 528,1581 498,1563 472,1569 438,1572 401,1575 371,1568"/>
                <Baseline points="392,1562 408,1560 438,1558 468,1558 498,1558 528,1564 558,1568 588,1566 618,1566 648,1566 678,1566 708,1566 738,1570 768,1564 798,1564 828,1562 858,1560 888,1558 918,1556 948,1556 978,1558 1008,1554 1038,1552 1068,1550 1098,1552 1128,1550 1158,1550 1188,1546 1218,1546 1248,1548 1278,1546 1308,1544 1338,1544 1368,1542 1398,1544 1428,1540 1458,1540 1488,1540 1518,1540 1548,1540 1578,1536 1608,1536 1638,1538 1668,1534 1698,1534 1728,1534"/>
                <TextEquiv>
                    <Unicode>wann BL den AF an die Hand geben wirdt, wie Solchs Zu</Unicode>
                </TextEquiv>
            </TextLine>
            <TextLine id="r_tl_20" custom="readingOrder {index:19;}">
                <Coords points="408,1605 418,1589 450,1592 469,1581 499,1564 508,1575 494,1599 522,1593 548,1566 584,1595 614,1593 644,1593 674,1593 704,1593 734,1591 764,1593 794,1591 824,1589 854,1589 863,1574 874,1573 884,1587 914,1587 942,1561 961,1555 974,1583 1004,1583 1034,1583 1080,1571 1094,1579 1109,1563 1154,1577 1184,1575 1214,1573 1251,1560 1264,1558 1274,1575 1304,1575 1334,1575 1364,1575 1394,1575 1424,1577 1454,1579 1484,1575 1514,1577 1537,1569 1569,1561 1604,1575 1634,1575 1651,1564 1689,1562 1725,1570 1755,1584 1755,1584 1786,1589 1835,1604 1819,1647 1795,1653 1755,1634 1772,1637 1721,1648 1694,1629 1664,1627 1634,1625 1604,1625 1574,1623 1544,1627 1514,1627 1488,1633 1459,1646 1423,1638 1379,1657 1372,1656 1365,1648 1370,1637 1334,1625 1304,1625 1274,1625 1244,1623 1214,1623 1184,1625 1154,1627 1124,1627 1066,1638 1046,1644 1014,1646 1004,1633 974,1633 944,1635 931,1650 900,1654 884,1637 854,1639 816,1645 807,1616 764,1643 734,1641 704,1643 666,1650 644,1643 614,1643 573,1647 554,1645 528,1653 491,1664 464,1647 447,1661 401,1675 366,1641"/>
                <Baseline points="388,1633 434,1646 464,1642 494,1644 524,1640 554,1640 584,1640 614,1638 644,1638 674,1638 704,1638 734,1636 764,1638 794,1636 824,1634 854,1634 884,1632 914,1632 944,1630 974,1628 1004,1628 1034,1628 1064,1626 1094,1624 1124,1622 1154,1622 1184,1620 1214,1618 1244,1618 1274,1620 1304,1620 1334,1620 1364,1620 1394,1620 1424,1622 1454,1624 1484,1620 1514,1622 1544,1622 1574,1618 1604,1620 1634,1620 1664,1622 1694,1624 1724,1626 1755,1629 1755,1629 1786,1634 1812,1642"/>
                <TextEquiv>
                    <Unicode>effectuiren were. aber Ein alß den andern wege sollicirdt, Vrgirdt, </Unicode>
                </TextEquiv>
            </TextLine>
            <TextLine id="r_tl_21" custom="readingOrder {index:20;} split_word {offset:62; length:3; continued:true;}">
                <Coords points="391,1723 398,1691 398,1685 430,1656 458,1675 488,1669 518,1667 548,1663 578,1663 608,1661 638,1659 668,1659 698,1659 728,1659 758,1661 786,1639 793,1632 804,1625 814,1628 818,1663 818,1663 820,1663 850,1663 880,1663 910,1665 940,1667 970,1669 1000,1667 1030,1663 1060,1663 1090,1663 1120,1661 1150,1659 1180,1655 1210,1657 1241,1657 1241,1657 1254,1642 1285,1630 1296,1637 1294,1655 1308,1639 1319,1628 1354,1625 1356,1662 1377,1664 1406,1650 1428,1639 1442,1641 1447,1651 1464,1650 1496,1649 1526,1649 1556,1649 1586,1647 1610,1634 1643,1638 1671,1631 1705,1646 1734,1651 1764,1638 1794,1649 1823,1649 1828,1697 1796,1706 1770,1708 1740,1709 1707,1711 1664,1715 1644,1703 1616,1695 1586,1697 1548,1710 1526,1699 1496,1699 1467,1711 1436,1699 1406,1701 1361,1747 1320,1733 1346,1705 1316,1703 1316,1703 1296,1714 1277,1726 1241,1725 1256,1705 1241,1707 1241,1707 1222,1735 1197,1732 1210,1707 1180,1705 1150,1709 1120,1711 1091,1718 1060,1713 1030,1713 1000,1717 970,1730 942,1725 911,1726 872,1713 849,1720 840,1731 821,1735 807,1732 788,1711 767,1733 739,1733 728,1709 698,1709 668,1709 638,1709 589,1722 548,1713 516,1726 488,1719 458,1725 428,1729 414,1747 394,1745"/>
                <Baseline points="398,1736 398,1730 428,1724 458,1720 488,1714 518,1712 548,1708 578,1708 608,1706 638,1704 668,1704 698,1704 728,1704 758,1706 788,1706 818,1708 818,1708 820,1708 850,1708 880,1708 910,1710 940,1712 970,1714 1000,1712 1030,1708 1060,1708 1090,1708 1120,1706 1150,1704 1180,1700 1210,1702 1241,1702 1241,1702 1256,1700 1286,1698 1316,1698 1316,1698 1346,1700 1376,1700 1406,1696 1436,1694 1466,1696 1496,1694 1526,1694 1556,1694 1586,1692 1616,1690 1644,1698 1674,1696 1704,1698 1734,1696 1764,1694 1794,1694 1814,1695"/>
                <TextEquiv>
                    <Unicode>treibt nit allein In genere, sondern auch In specie, daß doch Ein</Unicode>
                </TextEquiv>
            </TextLine>
            <TextLine id="l_3" custom="readingOrder {index:21;} split_word {offset:0; length:4; continued:true;} abbrev {offset:60; length:2;}">
                <Coords points="388,1763 470,1733 552,1717 633,1721 658,1736 840,1737 868,1711 877,1713 873,1740 951,1743 999,1716 1018,1711 1026,1718 1007,1741 1029,1727 1061,1720 1084,1730 1107,1712 1114,1711 1108,1737 1183,1732 1229,1739 1300,1734 1362,1754 1430,1727 1566,1719 1752,1735 1808,1739 1817,1791 1667,1803 1593,1781 1558,1780 1518,1797 1480,1801 1468,1805 1461,1796 1472,1786 1474,1773 1447,1779 1393,1783 1366,1806 1346,1811 1333,1810 1340,1791 1356,1778 1168,1775 1154,1802 1136,1796 1119,1810 1104,1813 1094,1810 1119,1779 1072,1791 1067,1776 996,1775 973,1789 949,1788 943,1775 931,1787 910,1788 907,1773 893,1777 886,1769 862,1767 839,1774 746,1775 687,1781 665,1794 649,1776 520,1791 411,1796 380,1793"/>
                <Baseline points="380,1788 410,1788 440,1782 470,1778 500,1778 530,1776 560,1774 590,1772 620,1768 650,1768 680,1768 710,1766 740,1766 770,1766 800,1766 830,1766 860,1766 890,1768 920,1766 950,1772 980,1768 1010,1766 1040,1768 1070,1770 1100,1768 1130,1768 1160,1770 1190,1770 1220,1770 1250,1770 1280,1770 1310,1770 1340,1770 1370,1772 1400,1772 1430,1772 1460,1774 1490,1776 1510,1779 1542,1778 1572,1778 1602,1778 1631,1779 1690,1780 1722,1780 1752,1780 1782,1784 1808,1784"/>
                <TextEquiv>
                    <Unicode>mals die praeventiones Zu diser jornada gemacht vnd angefangen </Unicode>
                </TextEquiv>
            </TextLine>
            <TextLine id="l_4" custom="readingOrder {index:22;}">
                <Coords points="372,1813 384,1811 444,1805 488,1799 507,1804 555,1812 602,1796 678,1805 763,1781 817,1778 816,1799 869,1775 879,1769 886,1770 894,1779 887,1795 929,1794 1017,1792 1030,1795 1044,1781 1060,1777 1068,1785 1056,1801 1068,1809 1085,1810 1097,1814 1115,1811 1166,1806 1206,1795 1218,1799 1217,1813 1239,1812 1275,1778 1312,1790 1313,1805 1304,1814 1337,1812 1358,1813 1383,1799 1396,1800 1404,1787 1418,1782 1437,1780 1443,1788 1432,1801 1449,1791 1461,1778 1470,1773 1472,1781 1457,1797 1463,1802 1468,1808 1510,1802 1541,1798 1555,1786 1577,1773 1583,1770 1586,1782 1566,1805 1574,1808 1593,1786 1605,1790 1604,1808 1636,1810 1655,1794 1675,1785 1682,1792 1675,1811 1705,1809 1734,1800 1768,1797 1798,1797 1813,1797 1826,1825 1834,1869 1735,1882 1658,1872 1650,1854 1380,1848 1351,1871 1331,1866 1341,1845 1270,1851 1239,1867 1194,1869 1197,1854 1151,1858 1080,1864 1006,1853 985,1830 955,1854 859,1838 722,1850 556,1857 364,1871"/>
                <Baseline points="372,1858 384,1856 414,1854 444,1850 474,1848 504,1846 534,1848 564,1846 594,1842 624,1842 654,1838 684,1836 714,1836 744,1834 774,1830 804,1830 834,1828 864,1826 894,1824 924,1826 954,1822 984,1822 1014,1824 1044,1822 1074,1822 1104,1820 1134,1824 1164,1828 1188,1844 1218,1846 1218,1846 1250,1844 1280,1840 1310,1840 1340,1838 1370,1836 1400,1836 1430,1836 1460,1834 1490,1834 1520,1836 1550,1834 1580,1836 1610,1840 1640,1840 1670,1840 1700,1842 1718,1844 1730,1846 1732,1852 1750,1858 1780,1858 1810,1860 1834,1864"/>
                <TextEquiv>
                    <Unicode>werden. dann Wo Kein anfang Ist, Ist auch Kein Ende Zu hoffen. </Unicode>
                </TextEquiv>
            </TextLine>
            <TextLine id="r_tl_28" custom="readingOrder {index:23;} unclear {offset:23; length:8;}">
                <Coords points="392,1879 400,1879 430,1881 458,1872 500,1864 520,1873 550,1873 568,1873 589,1856 602,1860 610,1871 640,1869 670,1867 700,1865 730,1867 760,1863 790,1863 820,1861 849,1842 872,1842 880,1859 910,1857 940,1857 959,1859 983,1833 988,1835 991,1846 988,1861 1027,1870 1064,1875 1086,1875 1104,1874 1163,1872 1191,1874 1219,1875 1260,1861 1285,1864 1306,1869 1325,1862 1355,1874 1422,1859 1452,1861 1482,1859 1512,1861 1542,1865 1572,1867 1602,1865 1632,1869 1662,1871 1692,1869 1722,1871 1752,1871 1782,1875 1806,1877 1806,1927 1782,1925 1752,1921 1722,1921 1692,1919 1662,1921 1632,1919 1577,1930 1572,1917 1542,1915 1513,1915 1488,1915 1451,1922 1424,1912 1394,1913 1365,1911 1332,1909 1302,1914 1274,1912 1245,1913 1223,1921 1182,1913 1152,1911 1122,1909 1123,1928 1082,1925 1060,1907 1030,1907 1000,1907 970,1907 940,1907 910,1907 880,1909 850,1909 820,1911 790,1913 760,1913 730,1917 700,1915 670,1917 640,1919 610,1921 580,1921 554,1940 526,1931 493,1934 460,1929 439,1946 389,1943 338,1930"/>
                <Baseline points="392,1924 400,1924 430,1926 460,1924 490,1922 520,1918 550,1918 580,1916 610,1916 640,1914 670,1912 700,1910 730,1912 760,1908 790,1908 820,1906 850,1904 880,1904 910,1902 940,1902 970,1902 1000,1902 1030,1902 1060,1902 1090,1904 1090,1904 1122,1904 1152,1906 1182,1908 1212,1908 1242,1906 1272,1906 1302,1904 1332,1904 1362,1902 1392,1902 1422,1904 1452,1906 1482,1904 1512,1906 1542,1910 1572,1912 1602,1910 1632,1914 1662,1916 1692,1914 1722,1916 1752,1916 1782,1920 1806,1922"/>
                <TextEquiv>
                    <Unicode>daß die Konigin an der chaquexa So laiden thuet, Ist mir wol</Unicode>
                </TextEquiv>
            </TextLine>
            <TextLine id="r_tl_29" custom="readingOrder {index:24;}">
                <Coords points="388,1953 416,1945 446,1941 476,1939 506,1941 536,1941 566,1939 596,1939 626,1937 656,1935 686,1933 716,1933 746,1935 776,1935 806,1935 836,1933 866,1933 896,1933 926,1931 956,1931 986,1929 1016,1925 1046,1925 1076,1923 1106,1921 1136,1921 1166,1921 1196,1919 1226,1921 1256,1919 1286,1917 1316,1917 1346,1917 1376,1917 1406,1915 1436,1915 1466,1915 1496,1915 1526,1915 1556,1915 1586,1915 1616,1913 1646,1913 1676,1913 1707,1925 1773,1940 1738,1967 1712,1968 1677,1966 1646,1963 1619,1967 1572,1977 1556,1965 1526,1965 1496,1965 1466,1965 1446,1965 1419,1968 1397,1966 1376,1967 1357,1978 1346,1967 1316,1967 1286,1967 1256,1980 1226,1971 1196,1969 1166,1971 1145,1974 1121,1979 1078,1978 1046,1978 1020,1981 980,1989 965,1979 926,1981 908,1988 898,1984 868,1987 850,1985 821,2012 805,2010 806,1985 776,1988 740,1987 716,2010 698,2004 707,1986 686,1986 656,1985 630,1991 596,1989 562,1989 557,1996 534,2005 519,2001 522,1989 513,1995 476,1989 446,1991 425,1995 408,2006 379,2001"/>
                <Baseline points="388,1998 416,1990 446,1986 476,1984 506,1986 536,1986 566,1984 596,1984 626,1982 656,1980 686,1978 716,1978 746,1980 776,1980 806,1980 836,1978 866,1978 896,1978 926,1976 956,1976 986,1974 1016,1970 1046,1970 1076,1968 1106,1966 1136,1966 1166,1966 1196,1964 1226,1966 1256,1964 1286,1962 1316,1962 1346,1962 1376,1962 1406,1960 1436,1960 1466,1960 1496,1960 1526,1960 1556,1960 1586,1960 1616,1958 1646,1958 1676,1958 1706,1958 1740,1966"/>
                <TextEquiv>
                    <Unicode>laidt Zu Vernehmen gwest. Wann nur Selbe doctores Keine</Unicode>
                </TextEquiv>
            </TextLine>
            <TextLine id="r_tl_30" custom="readingOrder {index:25;}">
                <Coords points="410,2015 428,2001 447,1994 464,1995 472,2010 490,1994 504,1995 507,2014 544,1991 554,1992 536,2018 563,2017 582,1993 607,1992 611,2008 698,2014 740,2008 758,1993 799,1995 810,1995 837,2007 862,1998 902,1984 908,1991 915,2002 946,2001 961,1981 975,1982 978,1998 1001,1991 1033,1996 1069,1993 1110,1995 1133,1985 1156,1982 1161,1994 1192,1994 1208,1979 1222,1977 1238,1979 1245,1991 1316,1984 1348,1985 1357,1984 1372,1972 1381,1972 1401,1980 1463,1978 1476,1975 1498,1966 1504,1964 1512,1969 1507,1977 1527,1975 1537,1966 1552,1967 1553,1982 1643,1981 1663,1972 1685,1981 1716,1982 1750,1960 1797,1970 1785,2026 1751,2028 1700,2026 1695,2022 1658,2022 1628,2019 1597,2024 1568,2019 1538,2019 1508,2019 1478,2017 1449,2037 1445,2027 1449,2018 1441,2019 1432,2019 1411,2046 1387,2045 1389,2031 1397,2020 1388,2019 1358,2021 1328,2021 1292,2032 1253,2031 1226,2031 1208,2029 1178,2029 1148,2031 1118,2031 1108,2036 1082,2067 1068,2067 1059,2058 1072,2032 1058,2033 1028,2037 999,2043 965,2046 901,2047 868,2047 831,2046 779,2052 758,2043 728,2041 698,2043 668,2043 650,2049 620,2044 599,2051 578,2053 550,2052 530,2056 518,2068 484,2072 488,2049 458,2049 434,2054 415,2065 392,2077 375,2055"/>
                <Baseline points="400,2050 428,2046 458,2044 488,2044 518,2042 548,2040 578,2040 608,2040 638,2038 668,2038 698,2038 728,2036 758,2038 788,2034 818,2036 848,2036 878,2036 908,2036 938,2032 968,2032 999,2034 1028,2032 1058,2028 1088,2028 1118,2026 1148,2026 1178,2024 1208,2024 1238,2024 1268,2020 1298,2018 1328,2016 1358,2016 1388,2014 1418,2014 1448,2014 1478,2012 1508,2014 1538,2014 1568,2014 1598,2014 1628,2014 1658,2014 1688,2018 1718,2018 1748,2016 1778,2018"/>
                <TextEquiv>
                    <Unicode>Buffalli weren, So Köndten noch wol remedia gefunden werden. Ist</Unicode>
                </TextEquiv>
            </TextLine>
            <TextLine id="r_tl_31" custom="readingOrder {index:26;}">
                <Coords points="362,2071 380,2081 478,2076 520,2083 532,2069 550,2060 562,2065 565,2080 577,2078 604,2051 621,2046 626,2054 624,2066 624,2066 640,2067 652,2049 675,2042 685,2045 686,2059 682,2069 764,2068 787,2056 798,2058 799,2072 817,2070 835,2050 852,2053 866,2059 867,2070 948,2069 965,2063 984,2052 1006,2053 1014,2064 1046,2068 1084,2072 1166,2051 1196,2047 1218,2035 1250,2031 1256,2047 1286,2045 1316,2045 1346,2045 1376,2023 1389,2022 1392,2027 1390,2034 1382,2051 1409,2051 1453,2016 1452,2037 1444,2050 1482,2051 1507,2020 1525,2022 1534,2033 1556,2041 1586,2043 1586,2043 1618,2043 1648,2041 1661,2041 1693,2023 1707,2022 1709,2038 1698,2050 1718,2046 1748,2033 1768,2043 1774,2064 1790,2091 1768,2093 1738,2093 1708,2091 1678,2091 1648,2091 1612,2091 1591,2110 1586,2093 1586,2093 1564,2083 1543,2090 1515,2117 1504,2113 1520,2091 1496,2087 1466,2087 1436,2089 1372,2098 1346,2095 1316,2095 1286,2095 1256,2097 1226,2097 1196,2097 1157,2109 1136,2101 1106,2099 1076,2101 1046,2103 1016,2105 986,2107 956,2107 926,2107 896,2107 866,2109 837,2114 806,2109 776,2109 748,2134 729,2132 737,2114 716,2113 692,2146 673,2145 686,2109 656,2113 642,2123 624,2132 592,2115 564,2120 536,2127 507,2112 496,2111 472,2117 446,2121 378,2124 354,2121"/>
                <Baseline points="362,2116 382,2112 412,2112 442,2110 472,2112 502,2112 532,2114 562,2110 592,2110 624,2111 624,2111 656,2108 686,2104 716,2108 746,2104 776,2104 806,2104 836,2104 866,2104 896,2102 926,2102 956,2102 986,2102 1016,2100 1046,2098 1076,2096 1106,2094 1136,2096 1166,2096 1196,2092 1226,2092 1256,2092 1286,2090 1316,2090 1346,2090 1376,2088 1406,2084 1436,2084 1466,2082 1496,2082 1526,2084 1556,2086 1586,2088 1586,2088 1618,2088 1648,2086 1678,2086 1708,2086 1738,2088 1768,2088 1782,2088"/>
                <TextEquiv>
                    <Unicode>mir also Eingefallen, ob mann Sie nitt köndte perschvadiren,</Unicode>
                </TextEquiv>
            </TextLine>
            <TextLine id="r_tl_32" custom="readingOrder {index:27;}">
                <Coords points="382,2148 386,2135 416,2129 446,2131 462,2129 482,2115 493,2112 502,2112 503,2125 494,2135 535,2140 566,2131 587,2122 626,2133 658,2123 670,2124 670,2145 705,2146 748,2148 779,2112 799,2112 797,2127 786,2148 830,2114 839,2114 839,2132 828,2146 904,2146 937,2138 959,2124 988,2127 1016,2133 1046,2131 1074,2111 1091,2112 1091,2137 1135,2133 1170,2107 1187,2102 1195,2111 1185,2136 1226,2129 1256,2129 1286,2127 1311,2098 1335,2098 1346,2125 1376,2123 1406,2123 1436,2119 1466,2119 1484,2122 1497,2119 1537,2093 1565,2081 1571,2092 1522,2131 1574,2123 1589,2115 1613,2092 1629,2092 1633,2107 1609,2130 1654,2115 1676,2124 1706,2127 1743,2096 1763,2101 1736,2177 1700,2185 1676,2177 1639,2171 1616,2171 1586,2173 1556,2171 1526,2173 1498,2205 1473,2215 1473,2205 1496,2169 1466,2169 1436,2169 1399,2182 1368,2182 1312,2183 1286,2177 1256,2179 1226,2179 1204,2194 1179,2199 1165,2193 1166,2183 1133,2191 1103,2192 1091,2180 1046,2181 1020,2189 986,2183 956,2183 921,2197 896,2185 878,2180 867,2185 851,2190 836,2183 808,2203 776,2189 755,2189 748,2201 709,2199 703,2183 686,2183 663,2186 636,2189 596,2183 568,2189 532,2199 506,2181 455,2185 425,2177 386,2188 374,2183"/>
                <Baseline points="384,2178 386,2180 416,2174 446,2176 476,2174 506,2176 536,2180 566,2176 596,2178 626,2178 656,2178 686,2178 716,2180 746,2182 776,2184 806,2180 836,2178 866,2180 896,2180 926,2178 956,2178 986,2178 1016,2178 1046,2176 1076,2178 1106,2178 1136,2176 1166,2178 1196,2176 1226,2174 1256,2174 1286,2172 1316,2170 1346,2170 1376,2168 1406,2168 1436,2164 1466,2164 1496,2164 1526,2168 1556,2166 1586,2168 1616,2166 1646,2170 1676,2172 1706,2172 1736,2172"/>
                <TextEquiv>
                    <Unicode>daß Sie den statum Morbi Et patientis beschriben vnd</Unicode>
                </TextEquiv>
            </TextLine>
            <TextLine id="r_tl_33" custom="readingOrder {index:28;}">
                <Coords points="366,2209 380,2209 410,2207 430,2180 448,2175 459,2187 429,2218 478,2222 502,2197 518,2198 532,2203 540,2218 556,2219 589,2193 604,2196 601,2218 619,2210 629,2215 649,2197 666,2202 657,2227 737,2223 752,2207 773,2208 814,2224 843,2199 875,2179 884,2180 873,2213 921,2216 950,2207 980,2207 1011,2193 1040,2203 1057,2199 1068,2183 1086,2180 1092,2194 1077,2209 1131,2208 1161,2209 1179,2206 1220,2184 1236,2183 1227,2196 1247,2190 1260,2191 1251,2207 1272,2206 1292,2182 1340,2193 1370,2191 1430,2176 1460,2173 1460,2193 1468,2220 1520,2197 1550,2203 1580,2203 1610,2201 1640,2201 1670,2201 1700,2203 1730,2205 1788,2205 1815,2258 1738,2263 1661,2257 1640,2251 1610,2251 1563,2290 1525,2299 1547,2261 1520,2247 1490,2245 1466,2253 1430,2266 1396,2249 1370,2241 1340,2243 1318,2250 1280,2243 1250,2247 1160,2268 1130,2253 1105,2265 1078,2295 1036,2319 1040,2253 1028,2283 1009,2280 995,2266 980,2257 948,2272 920,2257 890,2259 860,2259 831,2282 797,2282 729,2270 710,2263 680,2263 649,2267 617,2272 555,2272 551,2264 519,2290 480,2326 450,2344 491,2263 470,2257 440,2257 410,2257 375,2296 350,2295 337,2278"/>
                <Baseline points="366,2254 380,2254 410,2252 440,2252 470,2252 500,2254 530,2258 560,2258 590,2258 620,2258 650,2256 680,2258 710,2258 740,2256 770,2256 800,2254 830,2254 860,2254 890,2254 920,2252 950,2252 980,2252 1010,2252 1040,2248 1070,2248 1100,2250 1130,2248 1160,2246 1190,2244 1220,2242 1250,2242 1280,2238 1310,2238 1340,2238 1370,2236 1400,2234 1430,2236 1460,2238 1490,2240 1520,2242 1550,2248 1580,2248 1610,2246 1640,2246 1670,2246 1700,2248 1730,2250 1776,2249"/>
                <TextEquiv>
                    <Unicode>heraus schikten, daß allhiesige Medici, So Ia Einmal </Unicode>
                </TextEquiv>
            </TextLine>
            <TextLine id="r_tl_34" custom="readingOrder {index:29;} abbrev {offset:45; length:1;expansion:mm;}">
                <Coords points="355,2301 392,2286 444,2283 469,2276 480,2298 534,2287 560,2297 620,2298 648,2269 677,2268 702,2273 714,2285 744,2287 774,2285 804,2287 834,2289 864,2289 893,2277 924,2271 953,2273 984,2283 1015,2296 1036,2321 1063,2314 1093,2289 1104,2277 1132,2259 1164,2275 1194,2275 1231,2257 1256,2261 1284,2273 1314,2265 1344,2261 1374,2261 1431,2276 1467,2260 1494,2255 1524,2255 1555,2246 1592,2241 1614,2255 1677,2266 1708,2263 1736,2275 1765,2274 1822,2308 1735,2317 1654,2310 1623,2302 1584,2303 1554,2303 1524,2305 1493,2307 1464,2307 1434,2307 1405,2312 1370,2314 1332,2317 1292,2329 1284,2323 1253,2329 1221,2331 1190,2333 1164,2333 1132,2335 1103,2334 1065,2339 1029,2332 1014,2341 974,2341 951,2340 889,2352 864,2339 833,2347 804,2343 773,2343 738,2341 684,2341 620,2346 594,2337 557,2341 505,2341 456,2347 444,2333 405,2377 383,2372 414,2329 375,2327 344,2334"/>
                <Baseline points="362,2324 384,2322 414,2324 444,2328 474,2328 504,2330 534,2328 564,2330 594,2332 624,2332 654,2332 684,2332 714,2330 744,2332 774,2330 804,2332 834,2334 864,2334 894,2332 924,2330 954,2328 984,2328 1014,2328 1044,2328 1074,2328 1104,2322 1134,2322 1164,2320 1194,2320 1224,2320 1254,2320 1284,2318 1314,2310 1344,2306 1374,2306 1404,2302 1434,2302 1464,2302 1494,2300 1524,2300 1554,2298 1584,2298 1614,2300 1644,2298 1674,2300 1704,2302 1734,2304 1788,2307"/>
                <TextEquiv>
                    <Unicode>auch Keine Narren sein, Köndten daruber Vernomen</Unicode>
                </TextEquiv>
            </TextLine>
            <TextLine id="r_tl_35" custom="readingOrder {index:30;}">
                <Coords points="352,2349 364,2349 376,2365 391,2375 428,2366 449,2339 462,2339 466,2366 527,2368 568,2368 592,2361 611,2361 626,2358 645,2344 664,2349 694,2349 724,2349 754,2351 784,2351 814,2347 844,2349 866,2341 880,2346 888,2357 924,2358 948,2341 994,2343 1024,2341 1034,2334 1054,2339 1084,2337 1114,2335 1144,2333 1177,2337 1210,2333 1251,2332 1276,2332 1307,2331 1324,2323 1354,2321 1384,2317 1414,2317 1444,2317 1471,2319 1486,2315 1509,2305 1518,2304 1527,2308 1522,2317 1571,2320 1593,2308 1621,2301 1632,2305 1627,2322 1657,2322 1688,2322 1714,2317 1744,2319 1786,2334 1793,2373 1716,2370 1676,2367 1650,2366 1624,2365 1601,2389 1583,2380 1594,2363 1564,2363 1534,2365 1504,2365 1482,2389 1452,2387 1463,2372 1424,2394 1411,2392 1407,2380 1424,2372 1385,2373 1328,2379 1294,2375 1235,2383 1200,2388 1174,2381 1145,2386 1094,2394 1054,2389 1012,2397 967,2397 946,2397 913,2396 893,2405 879,2402 844,2399 834,2412 818,2411 819,2390 784,2401 759,2409 739,2400 694,2399 664,2399 634,2397 607,2398 574,2393 544,2393 514,2395 483,2399 455,2396 435,2394 391,2401 358,2406 337,2403"/>
                <Baseline points="352,2394 364,2394 394,2390 424,2390 454,2388 484,2390 514,2390 544,2388 574,2388 604,2388 634,2392 664,2394 694,2394 724,2394 754,2396 784,2396 814,2398 844,2394 874,2394 904,2394 934,2392 964,2390 994,2388 1024,2386 1054,2384 1084,2382 1114,2380 1144,2378 1174,2376 1204,2374 1234,2372 1264,2370 1294,2370 1324,2368 1354,2366 1384,2362 1414,2362 1444,2362 1474,2362 1504,2360 1534,2360 1564,2358 1594,2358 1624,2360 1654,2358 1684,2360 1714,2362 1744,2364 1783,2368"/>
                <TextEquiv>
                    <Unicode>werden. wollet also Eures ordt so Vill moglich cooperiren,</Unicode>
                </TextEquiv>
            </TextLine>
            <TextLine id="r_tl_36" custom="readingOrder {index:31;} abbrev {offset:25; length:1;expansion:mm;}">
                <Coords points="345,2415 363,2411 376,2400 398,2407 418,2400 429,2389 446,2390 446,2407 531,2403 564,2404 604,2406 628,2406 643,2396 658,2384 664,2388 656,2414 683,2411 706,2408 721,2397 752,2377 755,2388 736,2410 783,2409 834,2373 840,2377 816,2413 861,2415 902,2391 920,2370 925,2384 936,2386 928,2407 995,2400 1019,2383 1040,2360 1046,2355 1053,2356 1048,2378 1024,2399 1070,2392 1113,2400 1151,2404 1175,2395 1180,2386 1186,2351 1207,2350 1214,2363 1210,2398 1220,2401 1263,2386 1294,2397 1324,2397 1354,2395 1384,2397 1411,2395 1444,2397 1474,2395 1504,2395 1534,2393 1564,2389 1594,2392 1631,2368 1679,2373 1685,2388 1698,2421 1680,2452 1650,2456 1540,2460 1499,2453 1443,2457 1376,2456 1342,2454 1286,2450 1248,2451 1212,2457 1194,2448 1171,2445 1109,2446 1084,2443 1054,2443 1030,2445 1009,2444 985,2449 965,2448 934,2443 904,2443 877,2453 844,2447 815,2454 784,2449 754,2449 724,2449 708,2476 633,2474 634,2447 604,2443 574,2443 544,2443 514,2443 484,2443 454,2443 424,2441 405,2461 365,2452 341,2444"/>
                <Baseline points="348,2440 364,2436 394,2436 424,2436 454,2438 484,2438 514,2438 544,2438 574,2438 604,2438 634,2442 664,2446 694,2444 724,2444 754,2444 784,2444 814,2442 844,2442 874,2440 904,2438 934,2438 964,2438 994,2438 1024,2438 1054,2438 1084,2438 1114,2438 1144,2440 1174,2438 1204,2440 1234,2442 1264,2440 1294,2442 1324,2442 1354,2440 1384,2442 1444,2443 1496,2440 1550,2440 1595,2438 1641,2442 1670,2439"/>
                <TextEquiv>
                    <Unicode>daß mann bey zeiten VorKomen vnd Remediren thue.</Unicode>
                </TextEquiv>
            </TextLine>
            <TextEquiv>
                <Unicode></Unicode>
            </TextEquiv>
        </TextRegion>
    </Page>
</PcGts>
