1944 2592
290 164 1674 361 Lieber Von pötting. Obwol Ich Vnder heuttigen dato Euch mit
304 315 1637 451 dem Curir geschriben, So will Ich die ordinari auch nitt ohne
297 415 1680 548 main schreiben ablauffen lasßen. avisier Euch allein maine
302 499 1753 647 gesondheitt vnd daß Ich noch Sehr perturbirdt bin wegen des
271 600 1657 791 Fursten Von portia doth, vnd bin recht Imbroglirdt, noch mehr
304 699 1736 838 aber, weillen Ich fast mitt niemandt hievon reden Kann, weillen fast
304 800 1717 932 alle hiebey Interessirdt Sein, chi per Un Verso, chi per Un
279 901 1685 1049 altro. ma Spes Mea DEUS, In hoc ego confido vnd
231 1022 1447 1199 Verbleibe Euch mitt Kay. hulden vnd gnaden wolgwogen
219 1142 575 1325 Leopoldt
1118 1099 1651 1212 Wienn, den 18. feb.
1563 1195 1746 1277 1665
