1944 2592
352 196 1839 358 3o maine Ich nochmals, werden wir dises werkh alß svaviter treiben, muessen dann, Ich furchte,
354 277 1661 406 die aemuli woldten Vnß gern zusammen hezen, quod nihil valeret.
317 354 1783 496 4 dan Wirdt Guette Sein zu penetriren, ob DL nitt ex ordine AH wider
341 435 1800 581 diese raiß negotire per quos et quibus medys? Waß 5o die thoson anlangt,
350 513 1818 673 Komen wider Etliche Reccomendationes bey diesen Curier, Ich beziehe mich aber auf
326 586 1829 785 daß Ienige, So Ich Euch ohnlengst In disen apert geschriben haben. Waß den leßl
328 682 1834 874 anlangt, wann Ihm Kan geholfen werden, ohne main grossen entgeldt vnd Empeño,
332 728 1800 926 bene et optime erit. Ihr wollet aber Sie nit animiren mit den, daß Ihr Sie auf
338 841 1829 1013 mich waißt, Sondern alle schuldt auf DN schieben. In diser materi wirdt BK Euch
345 905 1832 1090 auch ein mehres schreiben. vnd weillen Ich 6o aus Eurem schreiben an fürsten von portia
346 1000 1834 1186 Seel. gesehen, daß seine 2 Vettern, der obriste graff alphonso vnd Ob. wacht
344 1085 1831 1245 maister grav Rambaldo Von Portia alda angelangt vnd Ich mir wol Einbilden
345 1173 1814 1318 Kan, daß nhunmehr Sie nit Vill mehr werden Consideridiren, weillen der fürst gestorben,
362 1232 1811 1402 also befehe Ich Euch gleichwol, daß Ihr Euch aller beeden auf daß boster animbt
334 1294 1820 1471 vnd Ihnen wo Es vonethen assistirdt. dann diß verdindt noch wol die memoria des
337 1377 1810 1550 guetten fürsten seligen, die 2 graven Meritiren Es auch gar wol, der g. Alfonso
324 1477 1785 1628 Ist des bayrischen portia Sohn vnd ein cavaglier von guetten parten, auch ein
339 1551 1755 1713 Erfahrener officier, dem armen schelmen, dem Rambaldo, dem bin Ich auch
326 1634 1747 1775 schuldig zu helfen, Es Ein 6 Ihar Mein EdelKnab gwest vnd fast Von Mir
312 1704 1740 1858 aufErzogen worden, hatt auch schon Ein guetten anfange In Krieg, hoffe, Soll
312 1777 1776 1945 woll riusciren. Waß alhiesige Vacanzen anlangt, bin Ich nhumehr in pectore fast
324 1857 1786 2035 resolvirt, den BG die Ob. hoffmaister Stelle geben vnd Seine dem BH, dan BG
321 1925 1793 2107 Ist 6 12 13 43 22 44 24 34 41 69 von gutten mittlen vnd hatt Sonsten guette Stukh. vnd weilen
319 2004 1787 2191 Ich Kein 1o Valido oder primado haldten will, brauche daß Ob. hoffmaisterambt auch
328 2075 1799 2261 nitt so vill caeremonien, hette ich BK promovirdt, so wurden durch Seine promotion
314 2125 1771 2328 So vill Stellen leer werden, daß Es gar hardt mir zu Ersezen Komen wer?
300 2220 1755 2393 Bay BF vnd BI hatt Es auch sein abSaz, So Ihr Euch leicht Einbilden
321 2320 1664 2476 Könt. dises Ist nur für Euch vnd mitt nechster post wirdt alles offendtlich
1448 2415 1740 2521 hinein geschriben
