1944 2592
415 129 1689 336 Lieber Pötting. Eur schreiben Von 15. February muß Ich
426 264 1749 391 abermalen Erst aniezo beandtwordten, So Einmal nur aus
415 358 1789 501 langsamer abferdtigung der posten hher Komb. woldt also
421 447 1805 591 abermal Ein anmahnung thuen, Ut Citius expediant. habe
395 527 1765 713 Sonsten aus bemeldten Euren schreiben Mitt Sattsamen
394 613 1816 837 Contento Verstanden, mitt wie ausfürlich Ihr mir statum rerum
395 718 1835 882 habet repraesentirn wollen. will hoffen, der Curier werde
408 823 1867 1019 alda schon angelangt Sein vnd alle maine Resolutiones
395 931 1834 1139 mitgebracht haben. vnd weillen auch wegn der Caurihanischen
1531 908 1866 1006 Villen geistlichen
251 1025 1728 1227 Kirchen functionen Ich nit Zeitt habe, Euch Vill Zu schreiben,
416 1137 1806 1318 also melde Ich nur So Vill, daß 1o auf alle weiß
367 1233 1849 1411 Zu Insistiren, ut omnes praeventione In executionem deveniant,
373 1348 1861 1546 daß di jornada noch In luglio oder agost gwis Konne
349 1451 1872 1649 Vor sich gehen. diß wirdt bey allen Kön. ministris (Intillige
374 1564 1860 1750 Illos, qui Vocem In Capitulo habent) müsse Vnderbauet
382 1654 1807 1835 vnd Vrgirdt werden. 2do Erwardte Ich wol mitt Verlangen
360 1755 1873 1955 Zu wissen, waß mann alda Sich resolvirdt auf daß Negotium,
360 1859 1726 2035 So BR vnd BL alda werden angebracht haben, der
404 1976 1780 2164 Intentionibus AH caetera percipietis a Comite Lamberg,
406 2070 1747 2238 dann Ich Einmal nit Zeitt habe. praecor Itaque Vobis faelicia
387 2169 1638 2345 festa paschalia Vnd Verbleibe Eur gnädigster Herr
382 2295 698 2441 Leopoldt
1015 2256 1827 2404 Wienn, den Ersten Aprill 1665
