1944 2592
414 268 1754 423 Lieber Pötting. Vor dißmal habe Ich 2 Euer relationes
406 394 1768 541 zu beandtwordten, Von 26. feb. vnd 11. Merz. bin wol fro
424 493 1764 644 daß die posten wider In Rechten lauff Komben, wirdt alzeitt 3
390 585 1826 766 wochen gwinnen Können, So In arduis Negotis Vill an der
343 669 1756 880 Zeitt gelegen Ist. Waß die Negotia anlangt, Können
406 776 1808 951 wir alhir fast Kein resolution Fassen In diversis, absonderlich
396 912 1866 1055 aber In negotio 41 12 24 0 44 14 23 42 31 12 24 0 43 6 11 42 31 06
392 1014 1776 1184 43 13 41 12 24 069 23 11 43 41 0 , weillen wir Kein nachricht haben
380 1107 1838 1279 Von Intentiones AB et DN. Ich will hoffen, der Ver
372 1233 1830 1407 tröstete Courier Soll nit lang ausbleiben cum quo multa expec
360 1348 1780 1492 tamus. Indessen werdt Ihr So wol ex expeditione als Von
328 1441 1809 1598 BK Ein vnd das ander Vernommen. wollet In allen demselben
354 1552 1774 1695 nachKommen vnd Sehen, ut Veniat ad effectum, auch von allen
342 1647 1865 1792 mitt DZ communiciren vnd sua opera gebrauchen, wo Es
324 1753 1834 1891 Vonethen Sein wirdt. Vor allen aber tringt auf die praeventiones
270 1867 1780 2003 Vnd In specie auf die bestellung der galeren, dann So lang
329 1974 1775 2093 Selbe nit besteldt worden, Kann Ich mir nit die geringste
325 2068 1838 2192 Sichere hoffnung der Infantin abrais machen, et timeo ne DN
388 2172 540 2220 male
360 2163 1802 2276 bene sint Intentionati, paucis Vel nullo exceptis. daher muessen
366 2251 1765 2392 wir In claris Kommen, Es gehe auch, wie Es wolle. Es Ist
332 2347 1740 2508 mir auch laidt gwest, daß So wol die Konigin als die Infantin
