1944 2592
331 178 1861 387 Etwas vbel auf gwest. Gott Sey lob, daß Es So wol abge
327 315 1819 462 loffen vnd das Sie schon wider restituirdt Sein. Ist daß nit
288 416 1874 596 Ein faine doctorische Cur, Vor Ein holen Zahn aderzuelassen,
308 526 1815 672 ma patientia. die spanische doctores liessen Ehe die
267 619 1868 795 halbe weldt Sterben, Ehe Sie Ihre methodam curirdten
308 723 1864 917 oder Ein andern In Etwaß Nachgaben. Ich alhir bin Got
292 857 1848 1032 lob gar wol auf vnd gedenkhe, So Gott wil, In 8 tagen
285 952 1802 1137 auf Ra laxenburg zu ziehen, Mich In Etwas In
267 1063 1748 1245 feldt zu recreiren, habe Es Wol Vonothen, dann die
282 1186 1876 1364 Occupatio hauffen Sich merkhlich, ma das Ist main obligatio
303 1293 1830 1449 et mea professio, Zu welcher mich Gott deputirdt hatt.
294 1405 1810 1564 Wann nur der Curir baldt Kame, das wir wider Mehr
274 1517 1829 1696 materi zu schreiben hetten. der hainrich Gotwaldt wirdt nach
221 1608 1830 1811 Eurem lezten schreiben auch hoffendtlich baldt aldordt angelangt.
214 1718 1786 1883 woldt darob Sein, Ut Cito Et bene remittatur dann dann
242 1821 1791 1983 ex Isto Itinere pendent lex Et prophetae. Verbleibe
234 1929 1288 2115 hirmitt Euch mitt Key. hulden wol gwogen
247 2034 614 2261 Leopoldt
1317 1904 1739 2029 Wienn, den
1466 1982 1784 2084 15. Aprill
1626 2059 1796 2159 1665
