1944 2592
485 114 1817 382 Lieber grav Von Pötting, Ich habe Eur 2 Relationes
506 265 1818 412 die Erste von 25. Merz durch die Ordinari, die 2te Von
490 336 1758 482 8. diß durch den angestern alhir angelangten Curier zu
449 431 1763 565 recht Empfangen. Mitt waß vor grosßer Consolation
456 502 1828 656 Ich hiraus verstanden, daß abermal der Augustus pro Infallibili
456 602 1830 733 termino ausgeßt Worden zu meiner gespons abreiß, Köndte
429 673 1822 838 Ihr Euch leicht Einbilden, In betrachtung, daß Einen Ver
449 759 1842 900 liebten die weil baldt lang wirdt, die politischen bedenkhen
462 838 1789 1005 nitt zu gedenkhen. wollet also Ihr Majestät den König
436 912 1854 1066 davor dankhen vnd unsezlich dringen, das alle praeventiones
433 1008 1854 1118 wirkhlich In effet gesezt vnd die Raiß ad possibilitatem
406 1080 1819 1207 gebracht werde, So fürwar Noch nit Clar Ist, obwolen Ich
401 1152 1663 1277 nitt Zweifle, Sondern mich ganzen darauf Verlasse.
397 1221 1843 1379 der Königin wollet Ihr auch Vor alle angwendte Cooperation
406 1315 1850 1461 vnd assistenz dankh Erstatten, vnd Siehe schon die frucht 41 12 34
419 1402 1847 1529 6 21 1 23 0 23 12 41 34 06 welches AC dem BO gschriben
347 1472 1842 1629 hatt. Ist auch wol geschehen, ut maneat In secreto ad Vitandas
406 1560 1846 1722 gelosias caeterorum ministr. Was Sonsten die joyas anlangt,
383 1680 1827 1812 hebt der harrach schon an, die Stiffel Zu schmiren. was aber
402 1762 1847 1899 So wol In disen als andern particularibus Euch zu befelhen Sein
374 1841 1829 2007 wirdt, Soll In wenig tagen per Cursorem folgen. Kan also Euch
383 1913 1824 2059 noch nit Völlig In disen brif Instruiren, glaube auch So gar,
405 1975 1842 2137 daß Eur Canzley schreiben vnd des Konigs despacci noch nitt
410 2065 1713 2227 vollig decifrirdt Sein. per Cursorem autem omnia
1547 2109 1860 2234 omnia dabimus.
399 2132 1836 2321 Endtzwischen treibt nur fleissig an, die spanische langsambkheidt
402 2225 1841 2403 hatt alles wol Vonethen. Ihr Köndt nit glaüben, Was In
398 2309 1816 2456 der statt Vor Ein Iubel Ist, weillen der Curier gemeldt, Es werde
