1944 2592
350 115 1720 284 Wer Ist frölicher als der leßle, daß Er den thoson noch
294 188 1749 332 Vor Seiner abrais wirkhlich Empfangen Kan. Ich werde Mich vermog
306 263 1748 406 des poders Zu diesen actu des Sec. Iung bedieen vnd Selben
282 354 1680 496 von heütt vber 8 tag Zu Wienn Vornemen, weillen Er nacher
325 434 1782 563 gleich an donerstag Sein turkischen Einzug vnd abschiedts
310 486 1730 626 audienz bey mir haben wirdt. Sonsten bin Ich Gott
298 563 1689 709 lob gar wol auf vnd habe zimblich guette lust alhie,
303 644 1758 790 allein will es noch nitt warmb werden, anzi mann mueß noch
316 728 1798 862 alle tag den Pelz anlegen, So die spanier por Un Milagro
282 783 1758 965 haldten theten. des lisola hineinkhumb habe Ich auch
279 885 1788 1050 gern Verstanden. will weitter relationen Erwardten, wie Die
280 973 1767 1102 Ihme anbefolhene puncta ablauffen werden. Vnd weillen doch
281 1045 1778 1198 der Curir Ehistens folgen wirdt, vnd bey demselben Ihr In allen
275 1145 1754 1266 außfürlich vnd Instruirdt werden, also will mich nitt lenger
277 1217 1785 1343 aufhaldten, Sondern Verbleibe Euch wie alzeitt mitt allen
293 1301 1272 1465 Kay. hulden vnd genaden wolgwogen.
330 1399 690 1555 Leopoldt
1112 1377 1833 1543 Laxenburg, den 29. Aprill
1615 1521 1758 1599 1665
