1944 2592
347 86 1752 300 Lieber grav von Pötting. Eur schreiben Von 22. aprill
350 223 1753 379 habe Ich zue recht Erhaldten vnd dessen Contenta wol Verstanden.
326 328 1750 467 waß nun die jornada meiner gespons vnd die abschiKung der
303 416 1804 596 Volkher nach Niderland, werdt Ihr bey den schon Vor Etlichen tagen
348 510 1782 664 alhir abgeferdtigten Curier alles Verstanden haben, was
314 614 1837 777 Ich Sowol manu propria als ex Cancellaria Euch gnädigst anbefolhen
310 695 1808 844 habe. worinnen Ich mich maistens beziehe vnd lege hiebey Ein dupli
339 773 1825 901 cat des bey gedachten Curier an Konig abgeloffenen schreibens In
311 863 1774 993 puncto 6 33 11 42 31 13 43 11 41 13 14 43 44 33 609 AH 658. Was aber
330 933 1826 1102 die gemeldte jornada meiner gespons anlangt, muß Ich wol bekhennen,
321 1025 1817 1175 das Ich Fast anstehe, was noch daraus werden wirdt, weillen die Herren
320 1130 1773 1263 Spanollen also pelumbeo pede darinnen progrediren. Ich will
352 1199 1830 1343 aber Ein besseres vnd diß hoffen, Es werden Seidthero alle praeventiones
331 1308 1820 1426 also Sein gemacht worden, daß bemeldte jornada noch Ohnfelbar
296 1369 1844 1555 In augusto Fordtgehen Solle. Der harach Ist noch nit abge
321 1483 1829 1640 reist. Solle aber Gar baldt beschehen. Ich kan Euch auch gnädigst
306 1560 1835 1736 nit Verhaldten, daß BQ Sich in 34 12 13 43 06 32 14 44 12 24 43 14
310 1644 1814 1770 also wol Verhaldten thuet, daß Es nit besser Köndte Verlangt werden,
328 1705 1819 1887 dann Er 43 13 41 12 24 23 11 43 41 06 gwis In Ein Solchen Standt
314 1794 1760 1975 Sezen thuet, daß Er Ein guettes lob meridtierdt, vnd hatt Er In
334 1870 1798 2076 dißer Kurzen Zeitt gwis mehr gettan vnd merhe praeventiones
326 1970 1791 2121 gemacht, Als BT In Vill Jharen. habe also Euch diß
321 2064 1066 2200 zu disen Ende wollen hinderbrin
853 2054 1063 2132 Erindern,
1066 2095 1759 2217 damitt Ihr Ihn bey AC
293 2169 1818 2336 vnd DN secundiren Kondte. Continuirdt Er also vnd 11 34 34 13 41 13 2
290 2266 1779 2406 4 06 33 11 43 43 13 31 33 69 44 14 43 06 41 14 24 41 11 44 34 06, So Ist gwiss
220 2316 1744 2492 96 43 13 41 12 24 23 11 43 41 6 13 43 34 11 23 44 14 06, vnd werden Sich alle
300 2431 1780 2543 Sachen besser Schikhen, wolletDum ferum autem  calet, Cudendum est.
