1944 2592
384 168 1814 305 worinnen Ich Sie Vmb Cooperation Ersuche, aldordt woldt Ihr auch mit
390 268 1840 418 den notwendigen Ingredientien Eure Comission ablegen, vnd weillen Ihr Von
376 366 1847 489 Ratsamb Erachten, daß ich meiner gespons Selbst Schreiben Solle, als habe
365 449 1850 619 Ich auch hiebey Komendes breifel an dieselbe ablauffen lasßen, wofon
357 546 1857 720 Ihr per copiam auch die nachricht haben Köndt. dises wollet Ihr
333 649 1876 845 (doch mit vorhergehender aprobatione des Medina las torres und
346 757 1855 909 habender Erlaubnus der Konigin) Selbst Ihr der Infantin
371 865 1847 1013 Einraichen vnd dabey gar Ein Holtseliges Verliebtes Compli
384 966 1851 1116 ment ablegen. Ingleichen weillen Ihr Es auch guett befindt, als habe
345 1081 1821 1241 Ich alles also Eingricht, daß der grav Von Harrach Ehister
384 1162 1893 1322 tagen mitt den joyas Von hir aufbrechen wirdt. Von dieser
366 1279 1870 1418 Comission vnd Instruction, So In nix als vberbringung vnd aus
345 1394 1814 1528 lifferung der ioyas bestehen wirdt, Euch So dann ausfürliche
348 1487 1820 1636 Communication beschehen wirdt. vnd weillen auch Ich mains ordts alles
350 1589 1807 1740 woldte beforderdt Sehen, also werden Euch die plenipotenzen per El
354 1669 1840 1845 desposorio EingeschiKt, Eine Ist auf den König Selbst Eingricht,
348 1780 1825 1912 weillen Es als mitt Mein F. Mutter hochstS. angedenkh Solle gehaldten
345 1839 1827 2018 worden. et hoc quidem ex hoc capite mihi summopere placeret.
355 1933 1810 2063 Ein ander Ist aber col nome In bianco, das Der Konig Ein
368 2030 1818 2153 andern Minister benenen Solle. Ich meine ordt woldte keinen lieber
338 2119 1709 2262 haben als BN ex causis Vobis bene Imo optime notis.
360 2239 1747 2369 Ich Schtelle aber alls zu des Konigs pur lautter Eigner dis
353 2320 1810 2451 position, deme Ich mich als Ein geneigter Sohn Ganz Ergeben thue.
329 2394 1563 2523 plura del despacho aus der Canzley, quo me remitto.
