1944 2592
364 144 1784 322 Lieber Potting. Eur schreiben von 6. May Ist mir zurecht Einge
390 258 1754 399 lifferdt worden. Ersehe daraus Zwar gern, wie das Etliche praeventiones
412 343 1792 456 Ins werkh gericht worden. Hette aber wol auch Verhofft, Es wurden die grössere
403 432 1701 547 auch also Sein besteldt worden, Ut nullus fuisset locus dubio.
408 522 1796 650 Was anlangt, daß BD BN concertiren de primatu vnd Ein Ieder
386 614 1835 773 Von Ihnen Ein bildtl Verdienen will, Ich wuste Ein guettes remedium, wann
367 721 1835 862 beede Vnite cooperirdten ad finem praescriptum Vnd Keiner den andern
388 818 1831 961 Verhindern thete, So wurde daß werkh Zue guetten Ende Komen vnd Sie
358 916 1825 1114 wurden bey mir vnd allen Ein grosses meritum bekhomen. Esto parecen
354 1014 1773 1215 burlas, Dios haga, que buelvan En Veras. Was den stritt
377 1151 1757 1311 wegen des puesto der Cam. Mayor anlangt, daß Memblich die
341 1257 1826 1392 Heril vnd Benevente concurriren, hatt der Ob. Kam. mir alles
338 1393 1812 1535 referirt vnd obwol ex omni Capite Benevente besser wer als Heril,
336 1490 1800 1639 So meine Ich Doch, Ihr soldte Euch nix darinen mischen, Sonder auf
340 1615 1780 1798 die wirkhliche bestellung des puesto dringen, abstrahendo a persona. daß
327 1732 1788 1862 31 12 24 13 23 0 dependent Sey Von BM, Ist Zwar gar nit guett,
302 1825 1792 1982 wurde aber alhir weniger schaden, als In loco aldordten. des
320 1915 1760 2080 D. Iuan Sein bildt, mit welches er Regem patrem rega
327 2053 1771 2196 lirdt hatt, Muß Ich bekhenn, Ist recht mistreios, hat aber nit Vill
318 2138 982 2288 Zu bedeutten. forsan deus pe
795 2139 1675 2260 will Gott durch Sein Eignen pinsel
342 2255 1725 2410 anzeigen, das alle Sein maquinen vnd grosse gedankh, als wie
322 2320 1737 2464 die bullie In lufft vnd nix Sollen Verkherdten werden. Et sic
290 2384 1740 2541 esset vates suae Ipsiusmet malae fortunae. sed hae per transennam.
