1944 2592
333 77 1725 281 Lieber Von Pötting. Aus Euren Schreiben Von 20. May
336 206 1709 387 habe Ich mitt mehrern Verstanden, daß die praeventiones befordert
344 311 1670 460 werden vnd daß mann Euch aller ordthen gwiss Versicherdt, der
346 403 1747 588 aufbruch statuto tempore gwis geschehn solle, quod faxts deus,
348 500 1756 672 Videtur tamen adhuc res non esse utcunque In claro. auf Eure
335 599 1808 772 relationes auß der Canzley, auf welche auch Eindt andtwordt bey diser Canzley
351 716 1821 890 Kombt, habe Ich nur Ein 2 punkt Erleuttern wollen: 1o daß 41 12 13 06
362 850 1846 982 42 14 43 13 32 13 43 0 31 13 42 31 06 13 43 0 43 12 32 14 41 13 11 067 12 13 43 88
344 930 1791 1052 33 13 34 42 31 12 43 0 34 12 23 23 12 069, wird In der expedition aus der
344 990 1825 1108 Canzley was obscur gesezt, Ut quasi videatur 33 12 ad Id non inclina
348 1047 1841 1195 re. Ich aber verlange Es gar hoch, allein Cum grano salis, Cautissime
346 1109 1785 1242 et ne odium In me, Vos Et 21: 43 12 13 31 11 24 41 06 cadat. Eur
366 1192 1778 1325 prudenz vnd dexteritat wirdt wirdt alles remediren Können. 2do
335 1280 1826 1426 die 11 21 24 12 13 34 0 41 12 34 0 31 11 24 24 11 42 31 34 06 4114 43 23 11 34 695
351 1357 1820 1484 13 14 13 11 34 06 bet. muß Ich bekennen, daß Mich Eur schreiben anstehen
353 1421 1793 1555 gemacht, Indeme Ihr medlet, Es Seye wol considerirn, ob Sich
344 1495 1828 1672 damitt his bey So beschaffnen dingen zu vberEilen, weillen Ich aber Ein Curir
348 1585 1825 1717 auf Napoli geschiKt habe, die Zeitt des aufbruchs der gallern Eigendtlich
330 1655 1807 1778 Zu wissen, also bin doch resolvirdt, daß Werkh vordtgehen zu lasßen,
342 1708 1806 1855 ne videamur nos In mora huius Negotii. 3o die Camarera mayor bet.
336 1789 1815 1929 bleibe Ich bey meiner Euch Iüngst vberschriebnen Meinung, daß wir Vnsers
364 1874 1789 2011 ordts vns müssen passive haldten, nur daß Eine Ehistens declarirdt
338 1950 1837 2076 werde, quod Volo Iam factum sperare. 4o meine Ich, Soldte Ihr Continui
325 2036 1802 2161 ren 11 44 22 0688 41 12 34 06 41 14 43 13 44 11 43 06 33 11 42 31 43 11 41 13
342 2102 1700 2226 14 43 12 34 wol acht zu haben, dan Ich besorge, Inde multa mala.
320 2148 1796 2290 diß Ist, So mir vber daß Ienige Vorfeldt, So Euch aus der Canzley geschriben
313 2234 1789 2373 wirdt, wohin Ich mich remittire. ferners Kann Ich Euch gnädigst nit pergen,
294 2305 1773 2412 daß Ich die Mitt Euch habende Zifra der nomina secundum alphabetum
303 2369 1754 2477 verlegt habe vnd nit finden Kan, also woldt Ihr mir Ein Copiam schikhen
