1944 2592
400 57 1783 244 Lieber grav Pötting, die Vrsach der abferdigung dises Curirs Ist
392 196 1787 333 der laidige vnd ganz Unverhoffte dotfall des Erzherzogs Sigmundt, wecher
416 294 1764 455 an Einen schlagfluß (Ita loguntur medici oenipontani) den
400 383 1786 518 25. Iuny Vmb 2 Vhr Vor tags Von diser weldt abgeschidt. wie
389 471 1751 637 schmerzlich mir diser fall forKomen, Werdt Ihr leicht Erachten, In
385 572 1790 726 deme Ich Ihr Liebden Sel. alzeitt Inniglich geliebt habe, auch Er Ein
375 677 1766 845 her War Von allen parten vnd qualiteten, So Ein Solchen herrn
370 777 1754 943 wol anstehen, welcher auch In perfectissima aetate humanae Vitae
362 891 1778 1066 In 35 Ihar In Brauttstandt, das Er noch In 7b. hette das
381 1003 1785 1185 beylager haldten Sollen, hatt muessen Sterben. ma patienza,
373 1102 1849 1276 Gott hatt Es also gwoldt, fiat Voluntas eius. die Consequenzen,
397 1218 1812 1395 So auf disen fall folgen, Sein leicht Zu Erachten, habe also auch
356 1350 1837 1504 fur notwendig gehaldten wegen mainer gespons abraiß nochmalige vnd Zwar
345 1451 1820 1630 ganz Instendige Instantien Zue machen, wie Ihr mitt mehr aus Einen
372 1558 1885 1722 andern Canzley despacho Verstehen werdt, Welchen Ihr In allem
362 1667 1829 1847 puntualte nachKomen Sollet, dan Einmal Iezo nit mehr Zu
351 1774 1758 1967 scherzn, In dem Ich Unicus huius lineae Germanicae sum.
349 1930 954 2034 woldt also die Motiva, So
911 1876 999 1958 In
938 1874 1811 2049 den bey den obigen despacho ligenden
361 1986 1844 2157 memolia geb begriffen Sein, fleissigst raepraesentiren, nit allein Ihren
386 2108 1790 2289 Majestäten den Kogi König vnd der Königin, Sonder auch den
393 2202 1847 2409 aldasigen ministris, vnd zvar nitt Einem allein, dann Sonst wirdt
356 2308 1823 2476 furwar diß werkh nitt Vordtgehen. Wann dißmal die spanier die
370 2390 1821 2567 augen nitt auffmachen. So Ist Ihn Ia Einmal Nitt Zu helfen,
