1944 2592
309 150 1723 347 Lieber graff von pötting. Ich habe Eur relation von 18. Iuny
349 252 1702 367 zu recht erhaldten vnd kan verderist darauff Euch nitt Verhaldten,
314 331 1735 458 daß obwolen die post Iezo zimblich Richig Einlaufft, doch aber alzeitt vmb
340 424 1726 571 3 tag zu spatt, dann Sie Soll alhir anKomen an Pfirztag, also hette
336 525 1677 681 man 7 tag bis Mittwoch zu andtwordten, So Ist Sie Schon 3mal
345 605 1755 799 nacheinander Erst am Sontag Eingeloffen, Ist also die Zeitt biß Mitt
312 713 1729 893 wochen gar Kurz, die angelangten schreiben Zu deciffriren vnd widerumb
323 812 1787 981 darauff Zu andtwordten. Ich habe observirdt, daß des BN Seine schreiben
329 900 1788 1092 alzeitt Vmb 1 oder 2 tag frischer Sein als des Konigs Vnd aller andern.
331 1031 1777 1202 ex hoc Infero 21 12 13 23 0 12 24 42 14 24 24 12 14 0 33 11 13 14 24 0 13 34 41 0698,
344 1142 1762 1301 also braucht Er Sein gelegenhaidt. Diß habe Ich nur pro Vestra notitia
320 1247 1817 1399 Euch Errindern wollen, vnd data occasione zu Sehen, daß Es bey balder expedition
317 1342 1792 1506 Verbleibe. Iezo kombe Ich auf Euer schreiben et quidem punctatim,
329 1454 1763 1646 damitt Ich mich nitt Confundire, et 1o quidem habe Ich 3 tag nach
342 1567 1797 1722 ablauffen des Curies Erst Erfaren, daß auß des 34 12 42 24 12 41 11 24 13
357 1664 1769 1821 34 13 41 13 43 13 42 06 descuydo Solches hinderbliben. habe Ihn
332 1764 1803 1930 gwaldig deßwegen besprechen lassen, weillen aber gleich bey folgender
349 1868 1800 2026 ordinari alles hinein geschikt worden, werdt dises nunmher remedirdt
325 1976 1804 2167 werden. Waß 2do et quidem principaliter die abraiß mainer liebsten
347 2074 1791 2254 Gespons anlangt, da freidt mich von herzen quod lenti Incipiant
352 2188 1687 2339 e somno surgere und daß man anhebt, die praventiones zu
340 2296 1746 2424 maturieren, willen als die Verliebte gar argwonisch Sein,
356 2360 1730 2514 also muß ich bekhennen, daß Ich Kein Ruhe habe, bis der actus
