1944 2592
407 147 1723 335 euren relation mitt grosser Verwunderung geßehen, waß BR an AB berichtet
390 253 1773 443 hatt, nun zweifle Ich gar nit, anzi e certissimo, das alles Von Bf herfleuße,
413 342 1757 517 als der den BR Solche Sachen Instillieren thuet, dann er der Kazen die Schellen
404 437 1738 558 nitt anbinden woldte. aber mann merkht leicht Solche Saubere Stükhel.
388 515 1760 687 Waß nun DP anlangt, Ist zwar nitt ohne, daß CI etwas an AF des
399 606 1744 755 wegen geschriben hatt und Sich vber des DP procedieren con mal termine beKlagt
399 672 1782 843 weillen aber CJ humore bisuetico gar zu beKandt, alß hat Af nitt Vermeint,
404 769 1773 928 der mue werth zu Sein, Solches AB zu avisieren, Vmb dadurch zu des DP et
411 850 1759 990 Consequenter BN discredito Kein Vrsach geben soldte. ecce tota Historia
390 928 1777 1066 In compendio. daß Vedrust mich aber gar Vill, daß Bf So Vill herz hatt,
388 1017 1793 1181 durch BR et BP den AB In Kopf zue bringen, daß BH per AG 34 44 42 31 12
386 1130 1732 1252 11 23 44 11 23 13 33 13 12 43 41 14 0 42 44 12 42 14 33 33 14, dann hoc est toto
404 1196 1787 1334 Caelo diversum. daß Ist war, daß AF offt mit BH redt vnd vnferschidtliche
420 1270 1805 1397 negotia conferierdt. Warumb, weillen BH Ein Erlicher Mann vnd treuer diener
402 1359 1792 1494 CK Ist. aber Bf woldte gern alle discretieren, Ut Videatur solus omnia
416 1444 1820 1589 facere. aber der hakhen will Ich schon Ein Still finden. Noch Ungeraimbter
441 1539 1818 1700 aber ist, daß Bf per suos den AB vberreden will, Er Solle bey Af Intercediren,
434 1668 1808 1785 daß Bf 31 14 22 33 12 13 34 41 12 24 21 12 13 AE  0 34 12 13 43 34 14 23 23 12,
432 1734 1800 1874 aber weitt gefaldt, dann auß disen wirdt nix, anzi weillen Ich Sicher, daß Bf
416 1818 1791 1935 Kein Ruhe hatt und allweil nur Intrighi machen wurde, also will Ich den
398 1881 1683 2023 Vorkomen vnd habe Mich nach Reiffer deliberation Endtschlossen,
420 1959 1813 2104 44 14 24 5 12 13 43 12 43 069 14 21 24 13 34 41 68 31 12 22 33 12 13 34 41 12 24 AE
430 2060 1822 2164 41 12 43 0 22 44 24 34 41 12 43 58 44 14 43 41 13 12 41 24 13 42 31 34 12 13 43 06 BL
416 2115 1806 2255 34 42 31 11 32 12 24 43 06 11 43 42 44 43 12 33 12 43 06. diese resolution habe
397 2191 1782 2333 Ich alhie noch nit publicieren ex causis, So Ihr Euch Einbilden Könnet, Sondern
390 2281 1828 2420 AF 11 44 13 34 13 24 41 12 34 87 43 44 24 BL  pro sua notitia 12 41 34 13 6
404 2378 1810 2494 13 41 11 44 13 41 12 2113 41 44 24 6 42 11 43 BL 41 13 34 12 41 12 34 AF 24 12 34 14
399 2443 1840 2584 23 44 41 13 14 43 AB, AC, BN 44 43 41 BZ 34 44 21 22 13 41 12 34 12 42 24 12
