1944 2592
342 31 1711 248 Liebe graff Von Pötting. Ich habe mitt Sondern Consolation
357 123 1689 322 aus Eueren gehorsamisten Schreiben Von 3. Iuny Verstanden,
328 244 1590 395 daß nitt allein alle personen Von Königlich haus Sich wol
343 327 1680 507 auf befunden haben, ausser der Königin Xaqueca, Sondern daß
339 434 1629 578 numehr alle praeventiones also Euffrig beschleinigt werden,
324 520 1651 673 daß Ihr an wirkhlichen Erfolg der jorada ganz nitt mehr
306 630 1655 782 zweifln theten. Ihr köndt leicht Euch einbilden, daß daß gar Ein
321 729 1700 917 guette Zeitung Vor mich Sey, vnd geraicht mir Zu gnädisgsten gefallen,
321 852 1724 1002 daß Ihr so assidue vnd fleissig deß werkh Vrgirdt. woldt Nitt
336 950 1716 1103 aussezen, Sondern alzeitt ferners dringen vnd dreiben, quia Hispa
336 1056 1691 1205 nica tarditas semper Indiget Calcaribus. Wnd weillen Ich
353 1160 1701 1349 auch ohnlengst per Cursorem Euch alle nothurfften Iniungirdt
291 1281 1658 1482 (durch welche occasion Ihr auch den traurigen todsfall des
327 1392 1664 1558 Erzherzogs Sigmundts werdt Verstanden haben), Als thue mich
332 1520 1083 1655 auf daß Ienige beziehen, wie auch
1042 1474 1137 1557 auf
1059 1494 1715 1637 daß, So die heüttige ordinari
332 1606 1711 1791 neben einen duplicat des Vorigen despacho bringen thuet,
339 1702 1747 1868 vnd werde Ich wol gern Vernehmen, Wer fur Ein spanischen hoffsta
322 1787 1707 2020 aufgenomen worden, pur che sii picciola di numero, dann Sonsten
366 1867 1737 2055 Es gar zu Vill plagen gibt. der grav Ferdinandt Von
345 1960 1753 2176 harrach ist schon Vollig despachirdt, wird, Morgen wils Gott
340 2074 1731 2239 Von hier abraisen. vnd weillen ex certis causis Seine Instruction
327 2197 1700 2360 In Ziffer hatt muessen gesezt werden vnd hiezue Eure gebraucht
305 2295 1720 2467 worden, also woldt Ihr bey Seiner hinein Kunfft Ihme Selbe Eur
1470 2391 1675 2476 Ziffer
