1944 2592
389 143 1718 347 Lieber grav Von Pötting, Eur schreiben Von 17. Iulii
372 251 1664 403 habe Ich wol Empfangen vnd daraus Verstanden, daß der
389 344 1680 524 toth des Erzherzogs Sigmundt vber Meylandt schon
401 445 1709 588 hinein Kundtbar gemacht worden vnd daß Selber alda
373 539 1755 709 grosßes laidt Verursacht habe. Welches gar wol zu
387 627 1730 804 glauben, dann Es Ein Solcher fall gewesen, der die aller
357 729 1765 942 gresten Consequenzen mitt Sich auf den Rukhen traget.
382 871 1754 1010 Ich zweifle nicht, der deswegen hinein geschiKte Kurir
364 976 1782 1112 Carlo werde schon angelangt Sein. Illa occasione hatt mann
379 1068 1794 1245 Euch alles daß Ienige aufgeben, quod videbatur pro tali
349 1175 1796 1343 Conveniens esse. daß aber AB 11 43 06 42 31 24 12 22 41 12 43 68 34 14
367 1293 1789 1422 44 13 223 06 11 21 43 12 33 12 31 11 41 06  AF 31 11 24 43 13 41 06 32 12 24 43 8
362 1419 1794 1532 44 12 24 34 41 11 43 41 12 43 06, noch weniger aber, 41 11 34 06 21 12 24
366 1516 1787 1696 44 24 13 43 11 33 069 34 11 43 42 44 13 34 06 42 14 43 32 23 14 33 12
353 1616 1777 1769 24 11 41 44 39 32 12 31 2 06. Ich will aber zu Gott hoffen, Es werde sich
362 1745 1790 1863 alles besser schikhen, deßto mehr aber Ist Vonethen, 11 44 22 0 41 13 12 06 11 21
360 1820 1771 1977 24 12 13 34 0 AE 42 42 44 41 24 13 43 32 12 43 06. Sonsten habe Ich
321 1949 1754 2104 gar gern Verstanden, daß die praeventione zu der jornada So
337 2072 1764 2214 Wol Vonstatten gehen. Will hoffen, Selbe werden nuhmer wirklich ange
346 2166 1731 2309 fangen, quia alias wurde Es heür hardt mehr geschehen, quod nullo
348 2251 1709 2418 modo sperare Volo. habe also In diser materi pro nunc Nitt
334 2340 1746 2503 Viel Euch zu Erindern. der graff Von Harrach Wirdt Nhumher
