1944 2592
395 62 1649 304 Lieber graff Von potting, Ich habe Eur schreiben Von 29.
422 213 1709 360 Iuly zurecht Erhaldten vnd daraus gar gern Verstanden, daß
440 290 1698 447 mein Kurir alda angelangt Seye, wie auch, In waß statu
407 404 1791 555 damals die Sachen Sich befunden haben. Weillen Ihr aber Euch beziehtt
434 483 1467 623 auf den despacho, So der curir mitbringen Solle,
1439 517 1516 555 weil
1482 538 1780 639 Selber aber noch
404 586 1752 723 nitt angelangt, als werde Sach desselben mit Verlangen Erwardten vnd
371 690 1465 825 Sodann Euch In allen plenarie beschaiden. daß AB
1341 774 1447 838 AD
1442 752 1795 850 21 13 41 12 24 0 43 13 41
422 806 1745 918 32 11 24 06 21 14 23 06 11 44 22 0 Ist gar guett, wann aber nur nitt
380 887 1819 1058 war ist, War der gremoville 41 12 33 14 24 41 12 AB 0 spargiren thuet,
396 986 1716 1105 So Ich aber nit hoffen will. lebe doch In Sorgen, biß der Curir
394 1074 1763 1221 anlangen wirdt. Wnd weillen Ich Verspure, als wann Ihr In Sorgen
383 1153 1753 1287 lebete, daß Ich mitt Euren negotyren Nit recht Zufriden, So Kan
377 1242 1821 1390 Ich Euch genedigst wol Versichern, daß mir nichts Solches In Sinn Komben.
385 1332 1733 1479 allein hatt mann Euch nur an die handt geben wollen, Was mann
353 1437 1748 1579 Vordraglich Zu Sein Eracht hatt. Ich bin Aber Sonst mitt Euch gar
364 1551 1773 1709 Content vnd dessen Ein wahres Zeichen Euch Zu geben, habe Ich Euch Zu
398 1664 1740 1812 meinem wirklichen gehaimben Rath angenomen, wie dann der
327 1752 1757 1934 graff Von lamberg daß gebreichige ass decret (Von dessen
379 1864 1729 2022 dato an Euch Zu gleich die antianitet lauffen thuet) Zuschikhen
383 1968 1707 2129 wirdt. Vnd wirdt Wie Ihr daraus Ersehen werdet, daß Ich Euch gar wol
385 2073 1772 2208 gnaigt bin, also werde Ich auch furderhin also Continuiren. Weillen
376 2194 1692 2343 auch ohnlengst der herzog Von Mantua gestorben, Et quidem
331 2296 1698 2468 Culpa sua. id est por sus amores, also habe Ich fur Ratsamb
1510 2362 1705 2444 befunden,
