1944 2592
387 123 1835 256 den graff trautson aldahin abZuschikhen, nit allein Selbigen ordtes
368 211 1830 359 die Condolenz abzulegen, Sondern auch selber ordten Vnsers haus
344 295 1790 436 Interesse Zu beobachten, wie Ihr mehrern aus Seiner Instruction
349 398 1813 522 Ersehet, welche Euch durch die Canzley Communicirdt wirdt, damitt Ihr
333 475 1858 605 Selbe Regi chattco Et ministris Communiciren Könndt, Vt videant,
325 569 1845 719 wie Ich maines ordts gwis Kein ocasion auslasse, So Zu des haus
336 669 1854 820 bestem graichen Konte. Weillen auch BR 41 12 33 0 BK 44 43 41 69
338 777 1848 904 11 43 41 12 24 12 43 AF 33 13 43 13 34 41 24 13 34 05 21 11 24 41 12 068
354 872 1857 1023 32 12 21 12 43 31 11 41 41 06 41 11 34 AB 24 12 34 14 23 44 13 24 41 31 11 21 12 87
349 940 1855 1119 41 12 34 BR 34 14 31 43 06 41 14 43 69 32 11 34 21 11 24 0 42 42 44 12 685
336 1026 1852 1229 AF 21 24 14 0 33 13 43 13 34 41 24 14 06 11 21 42 44 34 12 43 41 12 43 0678,
344 1126 1845 1288 aus dieser Sache aber leicht grosse Inconvenienzen Endtstehen Konen, So Ihr
333 1246 1850 1381 leicht Selber Ersinnen Konnet, So Kumbt mir diß gar Selzamb, daß weder Ihr,
327 1288 1810 1443 weder Kein anderer von dordt was hiervon schreiben thuet. habe
342 1385 1860 1548 Euch also gnedigst befelhen wollen, daß si sit res integra, Ihr diß werkh In alwege (doch
284 1485 1841 1637 sotto mano, ne odium In nos Cadat) hindern Sollet. Si 68 AB 44 44 23 41
359 1609 1861 1758 33 13 41 12 24 12 0 33 13 43 13 34 41 24 14 34 06 11 41 AF 33 13 41 41 11 41 06 31 14 6
383 1683 1864 1863 33 13 43 12 34 06 21 11 24 12 34 43 12 32 14 41 13 13 34 11 41 42 44 11 12 06 33 13
375 1761 1790 1914 41 44 43 41 44 24 068. Ich habe hie Von auch BZ Was geschriben.
371 1829 670 1901 Weillen auch
362 1846 1838 1981 Vnd nachdeme schon Von Viller Zeitt Vnderschidliche praetensores Vmb
347 1950 1826 2083 die gehambe Stell angehaldten, also habe Ich heütt 3 resolvirdt, als
350 2047 1789 2201 den graff Von Schernin, als der mir schon Von mainer Iugendt an
365 2145 1788 2279 gedindt, auch 3 Ihar die Embaxada Zu Venedig Cumplirdt
382 2238 1766 2371 vnd Sonsten gwis nit geringe dinst mir gelaist hatt, 2do den
379 2332 1739 2499 alhiesigen Statthaldtern graffen Conrath Von Staremberg,
