1944 2592
369 134 1683 310 dessen antecesores alle gehaimbe Räth gwesen, auch Er ohne diser
351 235 1687 397 Stell nit genueg authoritas Zur Administrirung der Iustitz haben
372 327 1668 488 wurde, 3° den graffen vnd Veldtmarschallen de souches. Wegen
357 409 1688 563 dessen person werde Ich am maisten laiden, quare, weillen Er Vor Ein Ihar
358 509 1720 654 am Ersten operirdt hat. nun diß Cavallier hatt Main her Vatter
345 591 1684 753 So Vill dienst gelaist, Brun deffendirdt, In diesem Iüngsten Krieg
359 671 1702 828 Neutra vnd Lewenz wider recapirdt, den türkhen Ein gutte Schlapfen
365 757 1625 889 Versezt vnd durch diß den auch anlaß ad operandum gemacht.
347 829 1681 971 Ich habe Euch dise promotion Zu diesn Ende zu wissen thun wollen, weillen
341 919 1739 1066 Ich wol waiß, daß mann Vill davon schreiben wirdt. vnd absonderlich 2 obiectiones
331 1012 1721 1144 zu diluiren, Möchte mann Sagen, Es werden gar Zu vill gehaimbe Rath
342 1102 1684 1252 promovirdt, nun ist Es nit ohne, diser disordine Ist aber nit Vnder
357 1171 1724 1324 mir, Sondern noch Vorhero angehebt worden, Sonder tempore Divi mei
367 1267 1745 1407 parentis, qui hoc fecit suadente BF, Welcher diese maxima gefurt,
364 1355 1721 1476 daß per multiplicationem diß gehaimbe mittl ganz Soldte cassirdt
355 1443 1733 1578 werden. Ihr wisst aber Selbst wol, daß die wichtigen Sachen, abson
360 1518 1677 1675 derlich aber die Hispanische Vnd haus negotia niemal In pleno,
372 1612 1669 1728 Sondern nur In Conferenzen oder iunten proponirdt wirdt, allwo
365 1680 1737 1823 Ich nur aufs maiste 5 oder 6 Rathe brauche. Et sic numerus Hic non
362 1760 1709 1925 potest Causare malum. 2do posset In specie obyci, souches
368 1863 1738 2013 war Franzoß, Hoc esse Inauditum (est etiam Inauditum, Vt aly
362 1954 1701 2145 aliarum exterarum nationum sint Intimi Consiliary), sede hoc sileo,
382 2054 1694 2186 melde aber nur diß, das der souche schon So Vill Ihar alhir
396 2132 1714 2292 dindt, niemal die geringste falta begangen, aber wol Vill guette
402 2189 1713 2376 dienste gelaist hatt. hatt auch In gallia Kein Spanne Erdt
373 2298 1524 2459 In main Erblanden aber vber 200.000 fl., darzue hatt
1512 2265 1596 2318 Er
1504 2287 1668 2377 Kinder.
