1944 2592
247 132 1802 320 Vnd Also Kann mann Ia nit Von Ihm suspiciren. Ich schreibe
286 250 1821 427 diß So ausfürlich, damit (si esset necesse) Ihr praeoccupiren
303 357 1807 514 Konnen, daß dann Ich besorge, Es werden maine Eigne leütt
280 496 1839 662 vill Sachen hievon spargiren et forsan Ipse BK, de quo vere
262 595 1845 751 non meretur souches. Basta, also gehet Es Zue. schließe hirmitt
197 676 1809 820 Vnd Verbleibe Euch mitt beharlichen Kay. hulden vnd genaden
304 759 806 909 alzeitt Wolgwogen.
319 854 734 1026 Leopoldt
908 763 1803 934 Wienn, den 2ten Septemb.
1682 917 1811 991 1665
212 1051 1838 1234 Main Reiß Solle noch (wann nichts anders darin Kombt)
232 1177 1782 1333 Von Morgen acht Tag gwis vordtgehen. Wnd weillen Ihr Vor Einer
238 1272 1861 1432 Zeitt mir geschriben, daß Ihr maindten, Er guette wahr, die Correspondenz mitt
204 1395 1852 1590 mainer gespons Zu continuiren, also schikhe Ich hirbey Eins, welches
213 1495 1833 1681 Ihr (si ita videbitur Reginae Et medinae vbrliffern Sollet.
