1944 2592
424 84 1713 252 Liebe grav Von Pötting, Eur Iungstes schreiben war Von 25. vnd
426 162 1722 347 26. 7b. bey der ordinari vnd bey dem spanischen Curir. Seither
397 244 1726 423 habe Ich Kein schreiben Empfangen. Weilen aber der grav Adam
414 347 1734 526 dem graven Von lamberg schreibet, Er habe Von Euch schreiben
380 403 1669 567 Von 7. 8b., also Vermaine Ich, die schreiben werden mainer
378 473 1786 650 Ihrrgangen Vnd auf Insprukh geloffen, werden also Villeicht
367 568 1725 741 Ehistens ankhomen. weilen aber heutt nacht die spanische ordi
368 655 1704 804 nari Von Wienn alhir durchgehet, also habe Ich dabey schreiben
381 710 1649 849 wollen. vnd Zweifle Ich nit, Es werde der spanische Curir mitt
364 803 1769 979 Vnserm despacho (So mihr recht Ist de dato Wörgl den 27. 8b.)
380 875 1664 1007 darinen angelangt Sein. Ihr werdt auch aus Selben mitt mehr
372 947 1742 1123 Ein Vnd das andre Ersehen haben, absonderlich 21 11 34 BZ 11 43 6 AF 8
371 1059 1763 1182 32 12 34 42 31 24 13 21 12 43 31 11 41 57. beziehe Mich als nochmals
350 1119 1701 1245 Vollig auf Selben despacho. Vor dißmal földt In publicis
354 1208 1785 1349 Wenig Vor, ausser Was main ob. Kam. Euch Comuniciren
344 1294 1793 1445 werde 13 43 33 11 41 12 24 13 11 06 21 12 23 23 13 89 13 43 41 12 24 86
364 1354 1792 1519 CT 12 41 06 12 21 13 34 42 14 21 44 33 6 33 14 43 11 34 41 12 24 13 0
396 1439 1682 1574 12 43 5 34 12 33 06, welches Ihr der Konigin und ministris
396 1515 1654 1644 communiciren wollet, Iedoch nachdem Ihr Es vor nothwendig
358 1571 1668 1700 Erachten werdet. AH will In In druben wasser fischen vnd CK
384 1654 1724 1777 Einen abbruch thun. AC vnd AF muessen In alweg Selben Zu
369 1727 1675 1843 Verhindern Suechen. Ich will mich In disem Vor dißmal nit viel
385 1801 1790 1910 extendiren, allein wann DN villeicht AF Intention nit aprobiren
378 1855 1688 1995 thaten, Villeicht nit schaden wurde, wann BL DN Zu Verstehen
386 1947 1718 2046 gabe, Sie Stunden Ihnen Selbst vor das licht, wailen Sie
380 2004 1754 2131 Ihr Intentiones So gar nitt mitt AF communiciren theten.
400 2081 1744 2219 Hoc pro Hac vice sufficiat. Mein Reiß Ist Sonsten
381 2181 1780 2325 gar wol abgeloffen. Zu Salzburg hatt der Erzbischov mir
357 2257 1671 2412 grosse accoglienzen gethan, wie daß vorige mal auch
374 2333 1736 2473 dießmal gethan. Vnder andern divertimenti hatt Er
