<?xml version="1.0" encoding="UTF-8" standalone="yes"?>
<PcGts xmlns="http://schema.primaresearch.org/PAGE/gts/pagecontent/2013-07-15" xmlns:xsi="http://www.w3.org/2001/XMLSchema-instance" xsi:schemaLocation="http://schema.primaresearch.org/PAGE/gts/pagecontent/2013-07-15 http://schema.primaresearch.org/PAGE/gts/pagecontent/2013-07-15/pagecontent.xsd">
    <Metadata>
        <Creator>Transkribus</Creator>
        <Created>2025-10-07T16:01:01.761+02:00</Created>
        <LastChange>2025-11-08T20:27:05.173+01:00</LastChange>
        <TranskribusMetadata docId="11132745" pageId="104004769" pageNr="206" tsid="262037065" status="GT" userId="220254" imgUrl="https://files.transkribus.eu/Get?fileType=view&amp;id=PYBYZZDLEUCUZELBWYXZVUYX" xmlUrl="https://files.transkribus.eu/Get?id=NUMQHOTOZCQSMXTJRICKZRAC" imageId="87275792"/>
    </Metadata>
    <Page imageFilename="0206_HHStA, GK, K. 33.1, Buch 1662-1665, fol. 238v.JPG" imageWidth="1944" imageHeight="2592">
        <ReadingOrder>
            <OrderedGroup id="ro_1765532898203" caption="Regions reading order">
                <RegionRefIndexed index="0" regionRef="r"/>
            </OrderedGroup>
        </ReadingOrder>
        <TextRegion id="r" custom="readingOrder {index:0;}">
            <Coords points="199,98 1875,88 1875,2314 168,2264"/>
            <TextLine id="r_tl_1" custom="readingOrder {index:0;}">
                <Coords points="232,183 256,144 277,131 300,157 330,155 360,151 390,151 431,124 450,145 480,143 510,141 540,137 570,137 600,133 630,131 660,131 690,129 733,98 724,131 750,127 780,125 810,127 840,125 870,123 900,123 924,100 969,116 1001,117 1020,125 1031,128 1074,108 1108,91 1127,108 1170,125 1208,97 1216,127 1265,88 1270,115 1309,108 1350,119 1381,106 1410,121 1442,119 1442,119 1466,112 1477,132 1500,137 1526,101 1561,104 1543,136 1543,136 1595,99 1612,106 1600,142 1656,111 1654,150 1681,151 1702,161 1722,153 1757,140 1793,157 1810,175 1820,196 1810,225 1792,232 1782,221 1752,213 1722,203 1699,220 1690,208 1686,197 1664,195 1611,227 1597,219 1604,187 1570,198 1543,186 1543,186 1530,187 1500,187 1470,183 1442,169 1442,169 1410,171 1380,169 1350,169 1320,169 1290,173 1260,171 1230,173 1197,183 1173,185 1136,184 1110,173 1080,173 1050,175 1020,175 990,173 960,171 930,171 900,173 866,185 815,211 791,213 812,170 780,175 750,177 697,224 677,217 690,179 649,213 628,207 630,181 600,183 570,187 540,193 484,237 461,229 482,190 450,195 420,197 397,218 360,201 330,205 300,207 270,213 251,237 212,219"/>
                <Baseline points="212,214 240,212 270,208 300,202 330,200 360,196 390,196 420,192 450,190 480,188 510,186 540,182 570,182 600,178 630,176 660,176 690,174 720,176 750,172 780,170 810,172 840,170 870,168 900,168 930,166 960,166 990,168 1020,170 1050,170 1080,168 1110,168 1140,170 1170,170 1200,168 1230,168 1260,166 1290,168 1320,164 1350,164 1380,164 1410,166 1442,164 1442,164 1470,178 1500,182 1530,182 1543,181 1543,181 1574,180 1604,182 1634,182 1664,190 1686,192 1690,203 1722,198 1752,208 1782,216 1810,220"/>
                <TextEquiv>
                    <Unicode>Er mir Ein gambsIagen gehaldten, vnd Ist Selbes das Erste gwest, So</Unicode>
                </TextEquiv>
            </TextLine>
            <TextLine id="r_tl_2" custom="readingOrder {index:1;}">
                <Coords points="228,245 312,217 344,209 366,236 397,242 444,238 469,243 490,213 520,211 550,209 582,206 582,206 614,207 644,207 674,205 704,205 732,184 775,194 794,207 824,205 854,205 903,181 914,209 944,207 974,207 1004,205 1034,205 1064,205 1094,205 1124,209 1154,207 1184,209 1207,199 1238,183 1274,209 1304,209 1344,180 1364,211 1394,209 1424,213 1453,213 1484,215 1514,217 1544,217 1566,226 1566,226 1596,235 1621,219 1665,222 1702,222 1716,241 1746,245 1776,255 1806,259 1826,261 1859,303 1847,331 1806,309 1776,305 1746,295 1716,291 1686,289 1645,295 1626,289 1596,285 1566,276 1566,276 1544,267 1514,267 1484,265 1454,267 1424,263 1394,259 1364,261 1294,304 1304,259 1274,259 1244,257 1214,257 1169,289 1154,257 1124,259 1094,255 1064,255 1034,255 1004,255 974,257 944,257 914,259 884,255 854,255 824,255 788,283 764,255 713,299 698,292 698,271 674,255 636,297 600,286 576,281 574,258 550,259 520,261 490,263 460,263 430,267 400,269 370,273 340,279 286,326 269,313"/>
                <Baseline points="284,276 340,274 370,268 400,264 430,262 460,258 490,258 520,256 550,254 582,251 582,251 614,252 644,252 674,250 704,250 734,250 764,250 794,252 824,250 854,250 884,250 914,254 944,252 974,252 1004,250 1034,250 1064,250 1094,250 1124,254 1154,252 1184,254 1214,252 1244,252 1274,254 1304,254 1334,254 1364,256 1394,254 1424,258 1454,262 1484,260 1514,262 1544,262 1566,271 1566,271 1596,280 1626,284 1656,282 1686,284 1716,286 1746,290 1776,300 1806,304 1826,306"/>
                <TextEquiv>
                    <Unicode>Ich main lebtag gesehen habe, dann In Tyrol, alwo Ich Zue anderer</Unicode>
                </TextEquiv>
            </TextLine>
            <TextLine id="r_tl_3" custom="readingOrder {index:2;}">
                <Coords points="272,295 286,293 316,297 346,293 376,293 406,287 436,285 466,283 496,285 526,285 556,279 586,275 616,275 646,273 676,273 706,269 736,271 766,269 793,258 826,269 856,265 868,259 886,263 928,246 946,267 976,265 999,248 1006,265 1036,265 1066,265 1096,269 1126,271 1156,269 1186,267 1216,269 1246,273 1263,262 1276,273 1306,273 1336,275 1366,275 1396,275 1426,275 1461,253 1486,277 1514,289 1514,289 1544,289 1574,287 1594,293 1594,293 1626,297 1656,299 1686,305 1716,307 1746,313 1776,317 1784,317 1829,336 1784,367 1776,367 1746,363 1716,357 1686,355 1656,349 1626,347 1600,374 1584,364 1594,343 1594,343 1574,337 1544,339 1514,339 1514,339 1486,327 1456,327 1426,325 1400,340 1366,325 1336,325 1306,323 1264,334 1246,323 1214,327 1186,317 1156,319 1130,345 1117,338 1117,317 1096,319 1066,315 1036,315 1006,315 976,315 935,344 916,315 886,313 856,315 806,344 796,319 766,319 736,321 706,319 687,342 676,323 646,323 616,325 586,325 556,329 522,373 496,335 466,333 436,335 406,337 376,343 346,343 328,357 283,389 272,381 272,345"/>
                <Baseline points="272,340 286,338 316,342 346,338 376,338 406,332 436,330 466,328 496,330 526,330 556,324 586,320 616,320 646,318 676,318 706,314 736,316 766,314 796,314 826,314 856,310 886,308 916,310 946,312 976,310 1006,310 1036,310 1066,310 1096,314 1126,316 1156,314 1186,312 1216,314 1246,318 1276,318 1306,318 1336,320 1366,320 1396,320 1426,320 1456,322 1486,322 1514,334 1514,334 1544,334 1574,332 1594,338 1594,338 1626,342 1656,344 1686,350 1716,352 1746,358 1776,362 1784,362"/>
                <TextEquiv>
                    <Unicode>Zeit wol schöner hette haben Könen, hatt Es dißmal wegen des</Unicode>
                </TextEquiv>
            </TextLine>
            <TextLine id="l" custom="readingOrder {index:3;}">
                <Coords points="296,379 306,377 358,360 391,381 461,369 515,366 554,341 584,331 589,363 700,359 786,323 846,341 893,322 936,339 1036,320 1116,337 1146,337 1238,321 1296,339 1339,337 1446,343 1494,322 1536,347 1656,359 1798,387 1798,437 1786,437 1722,446 1656,416 1540,397 1492,407 1025,385 980,426 956,420 971,390 872,394 813,431 772,405 712,418 671,392 611,464 590,452 612,402 574,399 532,429 460,411 422,460 393,462 415,419 338,423 320,465 269,466"/>
                <Baseline points="296,424 306,422 336,420 366,418 396,414 426,412 456,408 486,406 516,412 546,406 576,400 606,398 636,400 666,396 696,390 726,392 756,392 786,390 816,392 846,386 876,386 906,386 936,384 966,384 996,384 1026,384 1056,384 1086,384 1116,382 1146,382 1176,384 1206,384 1236,386 1266,386 1296,384 1326,386 1356,386 1386,388 1416,388 1446,388 1476,390 1506,392 1536,392 1566,398 1596,402 1626,404 1656,404 1696,430 1726,430 1756,430 1786,432 1798,432"/>
                <TextEquiv>
                    <Unicode>schon gar Zue grossen schnees gar nitt Sein Können. In</Unicode>
                </TextEquiv>
            </TextLine>
            <TextLine id="r_tl_6" custom="readingOrder {index:4;}">
                <Coords points="288,463 334,442 348,453 378,453 408,451 461,435 468,451 498,449 528,449 572,420 588,445 618,445 648,445 678,443 708,447 738,445 762,423 798,443 828,443 858,445 888,447 918,447 948,445 978,447 1008,447 1037,431 1068,445 1098,443 1128,445 1158,447 1188,445 1218,445 1248,445 1278,445 1308,443 1358,416 1395,413 1398,445 1428,447 1456,432 1488,447 1518,451 1548,449 1573,432 1608,453 1638,457 1668,461 1698,463 1728,465 1749,457 1788,471 1772,519 1758,519 1728,515 1698,513 1668,511 1638,507 1608,503 1578,503 1548,499 1507,519 1488,497 1432,536 1412,536 1414,495 1375,524 1338,495 1285,512 1278,495 1248,495 1218,495 1188,495 1158,497 1128,495 1098,493 1068,495 1024,533 1008,497 960,533 948,495 918,497 888,497 858,495 828,493 798,493 774,508 738,495 701,517 678,493 648,495 618,495 548,577 515,566 554,504 520,531 495,522 498,499 468,501 438,501 408,501 378,503 348,503 318,507 288,513"/>
                <Baseline points="288,508 318,502 348,498 378,498 408,496 438,496 468,496 498,494 528,494 558,490 588,490 618,490 648,490 678,488 708,492 738,490 768,490 798,488 828,488 858,490 888,492 918,492 948,490 978,492 1008,492 1038,490 1068,490 1098,488 1128,490 1158,492 1188,490 1218,490 1248,490 1278,490 1308,488 1338,490 1368,492 1398,490 1428,492 1458,492 1488,492 1518,496 1548,494 1578,498 1608,498 1638,502 1668,506 1698,508 1728,510 1758,514 1772,514"/>
                <TextEquiv>
                    <Unicode>bemeldtem Iagen haben wir gleichwol 12 Stukh gefaldt, Vnd</Unicode>
                </TextEquiv>
            </TextLine>
            <TextLine id="r_tl_7" custom="readingOrder {index:5;}">
                <Coords points="290,539 304,535 344,507 364,533 394,537 428,519 454,518 484,533 514,529 544,529 578,500 604,531 634,531 664,533 707,510 724,529 754,527 784,525 810,510 846,509 874,529 904,525 941,506 964,527 994,527 1024,525 1054,525 1084,525 1114,527 1144,525 1160,499 1188,502 1234,525 1264,525 1294,525 1324,533 1354,541 1381,534 1407,513 1458,498 1450,543 1490,545 1498,543 1528,543 1595,510 1588,549 1619,552 1638,554 1678,517 1670,563 1700,561 1741,546 1778,557 1790,569 1820,571 1860,576 1838,625 1820,621 1790,619 1760,617 1730,615 1693,626 1670,613 1638,604 1610,615 1588,599 1558,593 1528,593 1498,593 1490,605 1476,587 1444,581 1414,581 1385,603 1354,591 1324,583 1294,575 1264,575 1234,575 1204,575 1174,575 1144,575 1115,596 1078,611 1054,575 1024,575 994,577 964,577 947,596 903,590 865,594 844,575 814,575 784,575 754,577 724,579 694,579 671,600 622,590 579,624 552,615 563,579 514,579 484,583 454,583 435,596 378,617 364,583 334,583 304,585 284,625 258,612"/>
                <Baseline points="290,584 304,580 334,578 364,578 394,582 424,578 454,578 484,578 514,574 544,574 574,576 604,576 634,576 664,578 694,574 724,574 754,572 784,570 814,570 844,570 874,574 904,570 934,570 964,572 994,572 1024,570 1054,570 1084,570 1114,572 1144,570 1174,570 1204,570 1234,570 1264,570 1294,570 1324,578 1354,586 1384,580 1414,576 1444,576 1476,582 1490,590 1498,588 1528,588 1558,588 1588,594 1619,597 1638,599 1670,608 1700,606 1730,610 1760,612 1790,614 1820,616 1838,620"/>
                <TextEquiv>
                    <Unicode>habe Ich dem guetten aldten hoff marshall auch Zue schiessen Erlaubt,</Unicode>
                </TextEquiv>
            </TextLine>
            <TextLine id="l_1" custom="readingOrder {index:6;}">
                <Coords points="203,676 212,646 280,607 323,601 416,586 439,607 484,596 694,610 736,587 790,582 835,604 984,615 1017,574 1049,581 1051,617 1159,614 1193,588 1218,592 1220,623 1304,598 1359,601 1491,608 1495,652 1552,617 1620,614 1621,644 1699,606 1702,639 1732,643 1852,661 1852,711 1838,722 1756,703 1612,686 1533,692 1454,681 1393,692 1391,668 1339,672 1298,688 1286,665 1236,663 1204,691 1175,654 1150,678 1095,687 1087,659 1003,660 963,688 928,671 924,648 854,645 815,672 806,650 765,643 750,678 713,652 633,658 565,652 573,675 550,684 534,661 506,666 476,657 434,691 386,682 356,659 280,657"/>
                <Baseline points="280,652 288,652 318,650 348,650 378,654 408,652 438,654 468,650 498,652 528,656 558,652 588,650 618,648 648,648 678,646 708,646 738,646 768,646 799,647 820,647 852,644 882,642 912,644 930,648 936,650 952,652 982,652 1012,652 1042,652 1072,654 1102,654 1132,660 1162,656 1192,656 1222,656 1252,658 1282,660 1312,660 1342,660 1372,660 1403,664 1403,664 1432,670 1462,670 1492,676 1522,676 1552,678 1582,680 1612,678 1642,680 1672,682 1702,684 1732,688 1762,700 1792,700 1822,704 1852,706"/>
                <TextEquiv>
                    <Unicode>vnd Er hatt Eine mit Ein gar schön schuß Erlegt. Ihr köndt nit</Unicode>
                </TextEquiv>
            </TextLine>
            <TextLine id="l_3" custom="readingOrder {index:7;}">
                <Coords points="288,714 298,686 351,667 420,675 470,683 568,692 598,674 632,667 710,658 712,693 786,700 845,659 849,699 919,706 959,668 969,676 966,711 1024,673 1156,679 1196,702 1304,715 1344,676 1456,690 1499,717 1552,695 1638,689 1649,736 1704,710 1740,702 1785,714 1790,749 1847,739 1858,763 1858,813 1766,807 1712,786 1628,790 1587,780 1519,771 1485,767 1437,814 1423,803 1449,753 1379,766 1305,751 1098,733 1060,748 1010,740 967,769 953,747 817,743 791,760 759,756 696,780 722,739 678,739 618,765 575,741 450,730 333,735 279,770"/>
                <Baseline points="298,731 330,728 360,724 390,724 420,720 450,720 480,720 510,718 540,720 570,724 600,720 630,724 660,726 690,726 720,728 750,730 780,734 810,734 840,732 870,734 900,736 930,736 960,734 990,732 1020,732 1050,732 1080,732 1110,734 1140,732 1170,730 1200,734 1230,732 1260,730 1282,740 1350,747 1382,750 1412,750 1442,754 1472,758 1502,758 1532,766 1562,766 1584,766 1600,768 1630,774 1656,778 1660,778 1662,776 1692,782 1722,778 1754,794 1784,798 1814,798 1844,806 1858,808"/>
                <TextEquiv>
                    <Unicode>glauben, wie Es Ihn gefreütt hatt, dann Er Sagt, Er hette schon</Unicode>
                </TextEquiv>
            </TextLine>
            <TextLine id="r_tl_12" custom="readingOrder {index:8;}">
                <Coords points="294,755 324,751 354,749 384,749 414,745 448,734 474,745 504,745 534,743 564,743 594,743 623,739 654,743 684,749 714,749 743,742 774,751 804,751 834,749 864,749 894,749 924,749 954,749 984,749 1014,749 1044,749 1074,749 1104,751 1134,751 1164,751 1194,753 1224,755 1261,729 1284,751 1314,757 1377,724 1374,761 1431,734 1434,763 1464,769 1494,771 1541,750 1554,777 1584,777 1614,779 1644,777 1662,777 1685,802 1662,827 1645,859 1614,829 1584,827 1554,827 1524,823 1494,821 1473,839 1434,813 1404,811 1374,811 1344,839 1314,807 1284,811 1254,807 1224,805 1194,803 1164,801 1134,801 1104,801 1074,799 1044,799 1014,799 984,799 954,799 924,799 894,799 864,799 819,828 800,801 751,839 744,799 714,799 684,799 654,793 611,808 594,793 564,793 534,793 504,795 474,795 453,826 414,795 384,799 354,799 324,801 294,805"/>
                <Baseline points="294,800 324,796 354,794 384,794 414,790 444,790 474,790 504,790 534,788 564,788 594,788 624,788 654,788 684,794 714,794 744,794 774,796 804,796 834,794 864,794 894,794 924,794 954,794 984,794 1014,794 1044,794 1074,794 1104,796 1134,796 1164,796 1194,798 1224,800 1254,802 1284,806 1314,802 1344,808 1374,806 1404,806 1434,808 1464,814 1494,816 1524,818 1554,822 1584,822 1614,824 1644,822 1662,822"/>
                <TextEquiv>
                    <Unicode>allerley wildtbrett geföldt, allein dißes Erst dißmal.</Unicode>
                </TextEquiv>
            </TextLine>
            <TextLine id="l_2" custom="readingOrder {index:9;} textStyle {offset:4; length:3;superscript}">
                <Coords points="262,831 280,825 396,836 449,787 462,834 623,780 670,804 894,808 912,835 1393,822 1399,864 1520,873 1607,842 1705,848 1804,865 1784,941 1688,975 1661,936 1581,944 1519,912 1444,903 1399,933 1365,927 1352,901 1305,914 1270,918 1269,898 1105,897 1050,907 1028,892 770,883 719,913 694,879 406,879 363,901 339,881 262,881"/>
                <Baseline points="262,876 280,870 310,868 340,868 370,870 400,868 430,870 460,870 490,868 520,866 550,868 580,866 610,868 640,866 670,870 700,874 730,872 760,872 790,872 820,870 850,872 880,872 910,874 940,874 970,876 1000,878 1030,882 1060,882 1090,884 1120,884 1150,886 1180,888 1210,888 1240,890 1270,890 1300,894 1330,894 1360,896 1390,898 1420,902 1450,902 1480,900 1511,904 1511,904 1542,906 1572,906 1602,910 1612,919 1612,919 1644,920 1674,920 1704,920 1734,922 1736,920 1730,940 1754,936 1784,936"/>
                <TextEquiv>
                    <Unicode>Am 4ten diß bin Ich abermal Von Salzburg aufgebrochen,</Unicode>
                </TextEquiv>
            </TextLine>
            <TextLine id="l_5" custom="readingOrder {index:10;} abbrev {offset:9; length:14;} textStyle {offset:63; length:3;superscript} unclear {offset:67; length:8;}">
                <Coords points="238,893 429,907 467,894 490,921 547,888 597,894 609,927 681,903 743,917 766,938 944,897 1015,932 1098,930 1133,911 1181,897 1207,929 1260,940 1316,912 1321,952 1358,961 1394,941 1430,936 1554,958 1591,956 1638,982 1726,965 1754,1000 1862,1019 1862,1069 1808,1073 1741,1063 1718,1025 1675,1028 1501,1010 1294,982 1251,1021 1164,999 1169,970 1122,970 1085,990 1061,973 875,974 820,995 793,974 715,968 682,1013 590,1009 583,968 447,990 440,971 379,968 339,981 238,943"/>
                <Baseline points="238,938 268,942 298,942 328,950 330,950 336,956 366,952 396,952 426,958 456,960 486,958 516,956 546,956 576,956 606,960 636,960 666,960 696,962 726,962 756,960 786,960 816,962 846,962 876,960 906,960 936,960 966,960 996,960 1026,958 1056,958 1086,962 1116,964 1146,964 1176,966 1182,964 1213,971 1244,978 1274,974 1304,974 1334,980 1364,982 1394,984 1424,988 1454,990 1484,990 1514,994 1544,998 1574,1002 1604,1004 1634,1008 1664,1012 1694,1010 1724,1010 1726,1010 1808,1068 1832,1066 1862,1064"/>
                <TextEquiv>
                    <Unicode>vnd hatt Archiepiscopus mich bis auf die grenzen, So Erst den 5ten gewest, </Unicode>
                </TextEquiv>
            </TextLine>
            <TextLine id="l_6" custom="readingOrder {index:11;}">
                <Coords points="210,977 321,994 415,961 485,972 619,997 684,984 740,985 760,1018 869,986 923,1007 984,990 1046,981 1103,997 1131,1012 1216,994 1272,1000 1288,1031 1393,1016 1498,1018 1575,1029 1586,1057 1732,1039 1770,1067 1770,1117 1680,1119 1667,1107 1629,1091 1600,1107 1563,1107 1541,1091 1458,1077 1365,1075 1215,1067 1155,1099 1102,1067 1054,1073 1051,1051 928,1051 893,1068 872,1044 837,1042 807,1067 772,1061 746,1046 717,1053 668,1045 447,1044 407,1072 385,1049 325,1080 299,1047 234,1031 210,1027"/>
                <Baseline points="210,1022 234,1026 264,1024 294,1024 324,1028 354,1032 384,1032 414,1030 444,1032 474,1030 504,1032 534,1032 564,1036 594,1036 624,1036 654,1036 684,1034 684,1034 716,1034 746,1032 776,1038 806,1038 836,1038 866,1038 896,1040 926,1046 956,1048 986,1044 1016,1044 1046,1044 1076,1052 1106,1050 1136,1056 1166,1056 1196,1058 1226,1058 1256,1058 1286,1058 1316,1064 1346,1064 1376,1066 1406,1066 1413,1066 1484,1078 1514,1078 1544,1078 1574,1084 1604,1088 1634,1086 1664,1088 1694,1088 1710,1106 1740,1110 1770,1112"/>
                <TextEquiv>
                    <Unicode>mit Ehr glaidt. Seither Ist nitt Vill geschehen, als das vorgesterdt Zu</Unicode>
                </TextEquiv>
            </TextLine>
            <TextLine id="l_4" custom="readingOrder {index:12;}">
                <Coords points="244,1071 268,1069 377,1089 409,1058 434,1087 521,1085 584,1060 696,1078 748,1042 766,1041 737,1092 861,1106 915,1080 951,1115 991,1073 1082,1081 1108,1101 1159,1079 1198,1123 1255,1109 1290,1114 1311,1131 1422,1146 1496,1105 1501,1147 1551,1123 1569,1146 1655,1141 1730,1163 1818,1161 1833,1201 1889,1218 1864,1258 1709,1226 1677,1238 1636,1236 1616,1217 1533,1217 1435,1193 1401,1209 1391,1193 1345,1212 1305,1209 1330,1179 1251,1177 1188,1192 1179,1170 1089,1159 1063,1178 1020,1185 1027,1160 990,1167 975,1158 937,1177 863,1189 877,1155 839,1156 815,1171 809,1144 693,1132 661,1156 651,1136 565,1132 539,1148 467,1138 431,1154 401,1133 244,1121"/>
                <Baseline points="244,1116 268,1114 298,1114 328,1116 358,1120 388,1118 418,1120 448,1124 478,1122 508,1124 538,1124 568,1124 598,1128 628,1128 658,1130 688,1130 718,1132 748,1130 778,1134 808,1134 838,1144 868,1142 898,1144 928,1150 958,1148 988,1150 1018,1150 1048,1154 1078,1156 1108,1158 1138,1158 1168,1158 1198,1160 1228,1164 1258,1166 1288,1168 1318,1172 1349,1176 1349,1176 1380,1180 1410,1182 1440,1186 1470,1188 1500,1192 1530,1194 1560,1202 1590,1202 1620,1206 1622,1206 1662,1219 1694,1218 1724,1226 1754,1228 1784,1230 1814,1234 1844,1242 1866,1244"/>
                <TextEquiv>
                    <Unicode>wien der guette Oestereischische hoffcanzler gestorben Ist. Ist Kaumb</Unicode>
                </TextEquiv>
            </TextLine>
            <TextLine id="l_7" custom="readingOrder {index:13;}">
                <Coords points="244,1165 298,1159 351,1146 390,1175 438,1148 501,1147 537,1176 576,1150 589,1186 621,1184 663,1142 694,1146 694,1191 768,1160 1013,1176 1016,1200 1066,1201 1129,1168 1207,1186 1252,1203 1333,1211 1462,1207 1481,1231 1671,1261 1719,1251 1738,1274 1805,1284 1867,1273 1848,1337 1807,1344 1743,1341 1744,1318 1619,1308 1536,1334 1531,1311 1562,1284 1303,1263 1242,1284 1249,1253 1179,1249 1148,1268 1032,1263 1028,1238 957,1248 874,1230 834,1261 807,1247 798,1227 661,1225 617,1247 513,1241 512,1219 375,1220 339,1261 314,1246 336,1215 244,1215"/>
                <Baseline points="244,1210 268,1208 298,1204 328,1204 360,1209 360,1209 392,1214 422,1216 452,1216 482,1216 512,1214 542,1218 572,1218 602,1222 632,1222 662,1220 692,1224 722,1226 752,1226 782,1226 812,1230 842,1226 872,1228 902,1230 932,1234 962,1234 992,1232 1022,1234 1037,1233 1050,1238 1082,1236 1112,1238 1130,1244 1130,1244 1162,1246 1192,1246 1222,1248 1252,1248 1279,1256 1279,1256 1312,1260 1342,1264 1372,1266 1402,1266 1432,1268 1462,1270 1492,1274 1522,1276 1552,1280 1582,1282 1604,1284 1603,1296 1636,1298 1666,1300 1696,1300 1726,1308 1756,1310 1787,1322 1818,1330 1848,1332"/>
                <TextEquiv>
                    <Unicode>8 tag Vorher Zu Wasser Von Insprukh Vnden angelangt.</Unicode>
                </TextEquiv>
            </TextLine>
            <TextLine id="l_9" custom="readingOrder {index:14;}">
                <Coords points="206,1290 234,1255 268,1245 294,1253 721,1248 772,1275 1040,1292 1093,1257 1130,1265 1104,1319 1303,1301 1371,1313 1365,1360 1470,1319 1551,1311 1644,1337 1858,1369 1858,1419 1673,1402 1619,1426 1604,1418 1616,1390 1394,1390 1029,1348 1001,1376 981,1346 903,1336 815,1380 793,1367 825,1333 683,1322 657,1343 632,1335 621,1317 541,1317 503,1328 425,1332 388,1317 234,1305"/>
                <Baseline points="234,1300 264,1300 294,1298 324,1300 354,1302 384,1304 414,1306 444,1310 474,1308 504,1312 534,1312 564,1312 594,1312 622,1314 652,1320 682,1318 712,1318 742,1320 772,1320 802,1324 832,1326 862,1332 892,1332 922,1332 952,1336 982,1340 1012,1344 1042,1346 1072,1346 1102,1348 1132,1352 1162,1356 1192,1356 1222,1360 1252,1364 1282,1366 1312,1368 1342,1372 1372,1376 1402,1374 1432,1374 1462,1376 1492,1378 1522,1378 1552,1380 1582,1384 1612,1382 1642,1382 1644,1382 1632,1400 1662,1396 1692,1398 1722,1402 1752,1404 1782,1408 1812,1408 1842,1412 1858,1414"/>
                <TextEquiv>
                    <Unicode>das wetter hatt Vns Zimblich wol favorirdt, aber die wege waren</Unicode>
                </TextEquiv>
            </TextLine>
            <TextLine id="r_tl_28" custom="readingOrder {index:15;}">
                <Coords points="236,1345 244,1329 289,1312 314,1343 344,1347 374,1345 404,1351 434,1351 464,1355 494,1357 524,1357 554,1359 584,1363 619,1351 644,1365 674,1367 704,1371 734,1371 764,1373 824,1344 824,1381 873,1358 884,1385 911,1361 944,1387 974,1393 1004,1397 1034,1397 1064,1397 1094,1397 1124,1405 1183,1374 1229,1393 1228,1415 1244,1413 1274,1415 1304,1417 1343,1388 1420,1386 1394,1425 1424,1429 1454,1433 1505,1404 1514,1445 1544,1445 1574,1445 1604,1449 1634,1457 1690,1436 1694,1463 1725,1462 1725,1462 1754,1479 1784,1481 1814,1483 1836,1483 1836,1533 1814,1533 1784,1531 1754,1529 1698,1541 1725,1512 1725,1512 1694,1513 1664,1507 1634,1507 1604,1499 1574,1495 1544,1495 1514,1495 1466,1517 1454,1483 1436,1491 1394,1475 1364,1473 1334,1471 1289,1486 1274,1465 1244,1463 1214,1459 1184,1457 1154,1457 1101,1488 1094,1447 1064,1447 1034,1447 1004,1447 936,1480 916,1475 914,1439 884,1435 854,1433 824,1431 790,1454 764,1423 734,1421 704,1421 674,1417 644,1415 614,1413 566,1425 554,1409 524,1407 494,1407 437,1454 407,1459 378,1436 374,1395 344,1397 314,1393 284,1391 252,1404 213,1412"/>
                <Baseline points="236,1390 254,1386 284,1386 314,1388 344,1392 374,1390 404,1396 434,1396 464,1400 494,1402 524,1402 554,1404 584,1408 614,1408 644,1410 674,1412 704,1416 734,1416 764,1418 794,1424 824,1426 854,1428 884,1430 914,1434 944,1432 974,1438 1004,1442 1034,1442 1064,1442 1094,1442 1124,1450 1154,1452 1184,1452 1214,1454 1244,1458 1274,1460 1304,1462 1334,1466 1364,1468 1394,1470 1424,1474 1454,1478 1484,1484 1514,1490 1544,1490 1574,1490 1604,1494 1634,1502 1664,1502 1694,1508 1725,1507 1725,1507 1754,1524 1784,1526 1814,1528 1836,1528"/>
                <TextEquiv>
                    <Unicode>Zimblich grundtlos, absonderlich auf dem Struberg, alwo gar</Unicode>
                </TextEquiv>
            </TextLine>
            <TextLine id="l_10" custom="readingOrder {index:16;}">
                <Coords points="236,1421 302,1406 402,1447 553,1434 701,1427 755,1426 730,1471 863,1448 931,1448 964,1488 1168,1506 1225,1482 1355,1472 1348,1514 1445,1523 1500,1502 1603,1517 1680,1542 1778,1528 1774,1605 1762,1605 1670,1604 1459,1578 1379,1562 1316,1587 1327,1548 1263,1556 1196,1549 1170,1541 802,1512 749,1537 710,1496 683,1533 639,1530 662,1497 593,1496 542,1528 553,1487 465,1481 400,1536 391,1524 407,1490 252,1473 236,1471"/>
                <Baseline points="236,1466 252,1468 282,1468 312,1470 342,1472 372,1474 402,1474 432,1480 462,1480 492,1482 522,1482 552,1484 582,1486 612,1490 642,1492 672,1492 702,1496 732,1498 762,1502 792,1502 822,1502 852,1504 882,1506 912,1506 941,1514 1007,1527 1038,1528 1068,1526 1098,1526 1128,1528 1158,1530 1188,1534 1218,1534 1248,1536 1278,1542 1308,1544 1338,1546 1368,1554 1398,1554 1428,1558 1458,1562 1488,1564 1518,1568 1548,1572 1578,1576 1608,1578 1638,1584 1650,1586 1670,1599 1702,1596 1732,1598 1762,1600 1774,1600"/>
                <TextEquiv>
                    <Unicode>Will wagen bestekhen gebliben. am Sontag abendts, als In</Unicode>
                </TextEquiv>
            </TextLine>
            <TextLine id="r_tl_32" custom="readingOrder {index:17;} abbrev {offset:6; length:6;}">
                <Coords points="232,1517 296,1467 284,1519 314,1519 358,1488 374,1527 404,1525 438,1497 464,1531 525,1494 524,1535 554,1537 584,1537 614,1539 644,1539 674,1543 704,1547 734,1549 762,1542 810,1506 857,1508 854,1555 880,1565 880,1565 921,1533 945,1531 965,1566 1002,1563 1032,1569 1066,1555 1096,1558 1123,1548 1143,1556 1169,1560 1208,1555 1226,1581 1256,1581 1286,1581 1304,1596 1304,1596 1336,1595 1365,1573 1426,1552 1445,1571 1427,1610 1469,1607 1526,1575 1516,1609 1564,1594 1576,1619 1606,1625 1662,1588 1666,1633 1696,1637 1726,1643 1756,1643 1786,1645 1816,1655 1818,1655 1871,1683 1847,1716 1788,1746 1786,1695 1756,1693 1733,1688 1696,1687 1666,1683 1636,1679 1606,1675 1532,1699 1546,1665 1516,1659 1486,1657 1456,1653 1426,1649 1396,1647 1366,1641 1353,1662 1304,1646 1304,1646 1286,1631 1256,1631 1214,1637 1196,1623 1165,1627 1165,1627 1138,1623 1108,1623 1108,1623 1092,1621 1043,1652 1032,1619 995,1624 972,1613 942,1613 903,1626 881,1629 832,1652 854,1605 824,1603 794,1603 787,1679 694,1667 704,1597 674,1593 644,1589 614,1589 584,1587 517,1645 524,1585 494,1583 464,1581 434,1579 404,1575 360,1603 344,1571 314,1569 284,1569 254,1567 232,1567"/>
                <Baseline points="232,1562 254,1562 284,1564 314,1564 344,1566 374,1572 404,1570 434,1574 464,1576 494,1578 524,1580 554,1582 584,1582 614,1584 644,1584 674,1588 704,1592 734,1594 764,1598 794,1598 824,1598 854,1600 880,1610 880,1610 912,1608 942,1608 972,1608 1002,1608 1032,1614 1062,1616 1092,1616 1108,1618 1108,1618 1138,1618 1165,1622 1165,1622 1196,1618 1226,1626 1256,1626 1286,1626 1304,1641 1304,1641 1336,1640 1366,1636 1396,1642 1426,1644 1456,1648 1486,1652 1516,1654 1546,1660 1576,1664 1606,1670 1636,1674 1666,1678 1696,1682 1726,1688 1756,1688 1786,1690 1816,1700 1847,1715"/>
                <TextEquiv>
                    <Unicode>festo sancti leopoldi (nachdeme Ich Vorher Zu Klosterneiburg</Unicode>
                </TextEquiv>
            </TextLine>
            <TextLine id="l_11" custom="readingOrder {index:18;}">
                <Coords points="213,1612 226,1587 308,1587 1041,1640 1263,1660 1305,1635 1305,1679 1398,1690 1485,1654 1486,1697 1533,1709 1602,1672 1608,1718 1691,1704 1725,1694 1838,1729 1857,1756 1838,1779 1241,1713 1193,1725 1167,1710 1119,1726 1021,1703 956,1744 951,1702 741,1694 699,1710 687,1686 544,1680 362,1648 226,1637"/>
                <Baseline points="226,1632 248,1632 278,1632 308,1632 338,1636 368,1642 398,1644 428,1646 458,1648 488,1650 518,1660 552,1660 572,1664 602,1670 632,1670 662,1672 692,1674 722,1684 752,1684 782,1686 812,1688 842,1688 872,1690 902,1692 932,1692 962,1696 992,1694 1022,1696 1052,1694 1083,1698 1156,1705 1188,1708 1218,1708 1248,1708 1276,1710 1276,1710 1308,1714 1338,1716 1368,1724 1398,1722 1428,1724 1458,1726 1488,1730 1518,1732 1548,1738 1578,1742 1608,1746 1638,1750 1668,1756 1698,1758 1728,1760 1758,1764 1788,1768 1818,1772 1838,1774"/>
                <TextEquiv>
                    <Unicode>main andacht Vericht) werde Ich auff Wien komben. Verbleibe</Unicode>
                </TextEquiv>
            </TextLine>
            <TextLine id="l_14" custom="readingOrder {index:19;} abbrev {offset:28; length:3;} corrected {offset:33; length:6;}">
                <Coords points="197,1693 236,1680 292,1650 346,1661 441,1670 659,1690 715,1691 808,1713 973,1720 1048,1747 1187,1713 1293,1759 1361,1744 1407,1784 1489,1805 1549,1762 1601,1785 1703,1794 1798,1829 1864,1859 1864,1909 1750,1944 1754,1875 1645,1937 1621,1911 1676,1853 1430,1828 1378,1867 1355,1853 1365,1832 1123,1810 1031,1841 934,1812 942,1790 790,1791 599,1757 485,1733 448,1764 277,1749 208,1737"/>
                <Baseline points="221,1719 302,1724 332,1726 362,1724 392,1726 422,1728 452,1734 456,1736 456,1736 488,1736 518,1740 548,1740 578,1746 608,1748 638,1750 668,1752 698,1756 728,1756 758,1758 788,1760 798,1778 830,1774 860,1770 890,1776 920,1776 950,1776 979,1784 1216,1810 1248,1810 1278,1814 1308,1810 1338,1816 1368,1820 1396,1826 1396,1826 1426,1826 1456,1830 1486,1832 1516,1834 1546,1838 1576,1842 1606,1848 1636,1848 1666,1850 1696,1854 1720,1856 1748,1866 1776,1874 1798,1874 1784,1898 1814,1902 1844,1902 1864,1904"/>
                <TextEquiv>
                    <Unicode>Euch anbey mitt beharlichen Kay. hulden vnd genaden Wolgewogen</Unicode>
                </TextEquiv>
            </TextLine>
            <TextLine id="l_12" custom="readingOrder {index:20;}">
                <Coords points="556,1855 376,1885 314,1911 246,1845 260,1795 286,1785 345,1743 366,1780 464,1789 565,1762 579,1821"/>
                <Baseline points="266,1829 286,1830 316,1832 346,1830 376,1832 406,1834 436,1834 466,1838 524,1845"/>
                <TextEquiv>
                    <Unicode>Leopoldt </Unicode>
                </TextEquiv>
            </TextLine>
            <TextLine id="l_8" custom="readingOrder {index:21;} abbrev {offset:28; length:3;}">
                <Coords points="736,1888 773,1801 877,1778 913,1815 1007,1780 1017,1828 1094,1806 1192,1816 1219,1848 1368,1845 1858,1956 1848,2018 1804,2017 1742,2031 1602,1959 1518,1959 1320,1922 1303,1958 1254,1966 1244,1930 1102,1894 1034,1927 955,1869 902,1905 908,1870"/>
                <Baseline points="760,1866 790,1864 820,1866 850,1868 880,1866 910,1862 936,1867 968,1864 998,1864 1028,1866 1048,1878 1110,1888 1162,1891 1255,1917 1280,1922 1310,1920 1340,1920 1370,1924 1404,1926 1434,1934 1464,1934 1494,1938 1512,1942 1518,1954 1542,1952 1572,1952 1602,1954 1835,2011"/>
                <TextEquiv>
                    <Unicode>Kloster St. Pöldten, den 12 9b.</Unicode>
                </TextEquiv>
            </TextLine>
            <TextLine id="r_tl_53" custom="readingOrder {index:22;}">
                <Coords points="1695,2020 1712,2015 1742,2015 1772,2017 1798,2009 1828,2019 1828,2069 1803,2097 1772,2067 1742,2065 1712,2065 1699,2067"/>
                <Baseline points="1712,2060 1742,2060 1772,2062 1802,2066 1828,2064"/>
                <TextEquiv>
                    <Unicode>1665</Unicode>
                </TextEquiv>
            </TextLine>
            <TextLine id="l_15" custom="readingOrder {index:23;} cipher {offset:46; length:2;decryption:P.\u0020Roxas;} cipher {offset:53; length:2;decryption:Kurfürst\u0020von\u0020Köln;}">
                <Coords points="221,1989 246,1959 266,1958 312,1910 338,1937 398,1957 444,1947 535,1949 614,1977 671,1957 673,1999 726,2003 790,1967 827,1985 891,1971 902,2012 978,1987 1066,1993 1059,2040 1105,2017 1204,2009 1331,2023 1332,2057 1393,2052 1442,2059 1753,2096 1775,2151 1756,2167 1752,2167 1384,2143 1390,2119 1320,2106 1304,2131 1251,2122 1270,2100 935,2067 904,2094 878,2083 887,2067 724,2058 628,2023 604,2061 511,2052 533,2023 383,2015 358,2043 282,2008 233,2038"/>
                <Baseline points="246,2004 248,2004 278,2002 308,2002 338,2004 368,2004 398,2002 428,2006 458,2012 490,2012 564,2022 594,2024 624,2024 654,2024 684,2032 714,2038 744,2036 762,2040 762,2040 792,2046 822,2050 852,2046 880,2058 910,2056 940,2060 970,2058 1000,2060 1030,2060 1060,2064 1090,2068 1120,2074 1150,2076 1180,2076 1210,2084 1240,2088 1264,2090 1302,2105 1334,2104 1364,2104 1394,2104 1414,2132 1416,2118 1441,2117 1467,2128 1490,2124 1512,2140 1542,2140 1572,2142 1602,2144 1632,2150 1662,2148 1692,2156 1722,2158 1752,2162 1756,2162"/>
                <TextEquiv>
                    <Unicode>Hette schir Vergessen, Euch Zu schreiben, daß DP bey CD gwest Vnd</Unicode>
                </TextEquiv>
            </TextLine>
            <TextLine id="l_13" custom="readingOrder {index:24;} cipher {offset:0; length:2;decryption:Lamberg;}">
                <Coords points="263,2056 299,2024 328,2057 481,2058 527,2033 579,2054 611,2081 643,2055 978,2095 1132,2111 1420,2155 1726,2215 1739,2239 1722,2269 1548,2257 1494,2226 1439,2258 1409,2254 1423,2212 1202,2182 1136,2204 1160,2170 805,2141 749,2159 764,2136 632,2118 582,2142 591,2114 442,2129 386,2106 364,2143 330,2154 294,2111 241,2104"/>
                <Baseline points="263,2101 294,2106 325,2108 325,2108 352,2112 382,2106 413,2101 413,2101 444,2110 474,2106 504,2106 534,2104 564,2106 594,2108 624,2112 646,2117 646,2117 678,2122 708,2126 738,2126 768,2132 798,2128 828,2132 858,2134 888,2138 918,2136 948,2140 978,2140 1008,2146 1038,2150 1068,2154 1098,2156 1128,2156 1132,2156 1193,2173 1224,2178 1245,2181 1245,2181 1276,2190 1306,2190 1336,2194 1366,2198 1396,2200 1426,2200 1456,2208 1461,2209 1468,2206 1497,2227 1525,2235 1542,2246 1568,2248 1600,2246 1620,2251 1652,2254 1682,2256 1712,2258 1726,2260"/>
                <TextEquiv>
                    <Unicode>BK geschriben hatt, Er habe alda Vill guettes ausgericht. Vi </Unicode>
                </TextEquiv>
            </TextLine>
            <TextLine id="l_16" custom="readingOrder {index:25;}">
                <Coords points="1340,2281 1296,2279 1251,2276 689,2235 646,2210 324,2189 324,2139 364,2135 454,2133 527,2127 707,2172 743,2156 835,2151 847,2189 937,2206 997,2177 1025,2203 1201,2215 1248,2195 1331,2217"/>
                <Baseline points="324,2184 334,2184 364,2180 394,2180 424,2180 454,2178 484,2184 484,2184 516,2186 546,2190 576,2188 606,2190 636,2196 657,2200 693,2216 726,2214 756,2216 786,2220 786,2220 818,2222 848,2228 878,2230 908,2232 938,2232 968,2236 998,2238 1028,2240 1052,2246 1052,2246 1082,2250 1112,2250 1142,2254 1172,2258 1202,2260 1232,2262 1262,2266 1292,2268 1322,2266"/>
                <TextEquiv>
                    <Unicode>serva di aviso, Il tempo chiarirà tutto.</Unicode>
                </TextEquiv>
            </TextLine>
            <TextEquiv>
                <Unicode></Unicode>
            </TextEquiv>
        </TextRegion>
    </Page>
</PcGts>
