1944 2592
377 252 1573 419 Lieber Pötting. Montags den 13. diß, alß Ich eben zu Neu
397 361 1570 502 markht daß Formal eingenomen, Kombt des Erzh. Sigmundt
364 457 1557 617 hinderlaßner Camerdiener Harandt (weillen der Carlo Fundi) Zu
362 555 1582 688 Vittoria tödtlich Erkrankht vnd Ihme den Volligen despacho
392 637 1552 787 anverdraut hatt, Ich meine der Carlo wer nit So schnell anhero
390 748 1547 877 Komen were. nun hatt mich zwar die ankunfft des courirs nit
342 830 1622 1031 wenig Erfreüt, weiln Ich Selben als den messiam Erwardt, allein Ist Es
365 940 1624 1106 hernach Ein wenig cum fele vermischt worden, weillen Ich 1o Sehe den
377 1031 1669 1172 statum salutis des Konigs Vnd prinz, qui ben melior esse posset
388 1147 1692 1295 Et quem DEVS Illis ad plurimos optimum concedat anno, Verstanden
378 1220 1661 1379 habe, 2o daß die jornada der Infantin noch nitt wirkhlich angefangen
354 1298 1700 1502 worden, quod bene speram, allein revera DN 33 44 12 34 34 12 43 06
371 1385 1613 1506 11 23 23 12 06 34 31 12 23 33 12 43 06 34 12 13 43 89, basta, patientia.
342 1469 1583 1643 Ich hoffe aber doch, der Heinrich werde noch Ein bessere post bringen.
373 1551 1677 1751 Interim bin Ich Mit Eurem fleiss vnd Eifer gar wol zufriden,
366 1672 1695 1862 Erkhenne auch Selben mitt dankh. Fhardt nur also fordt Vnd thuet,
357 1762 1569 1937 Was moglich Ist, nam ultra possibile nemo adigi potest.
371 1852 1688 2061 daß wegen des conductors So Vill mutationen Vorfallen, thuet mir
347 1951 1680 2157 gar nitt gefallen, Et timeo etiam In hac herba latere anguem
380 2043 1750 2218 aut piscem remoram. Von des BR 34 31 14 43 34 06 11 21 22 12 24
370 2183 1708 2346 41 13 32 44 43 32 0 hatt AH schon gwusst Vnd BL ohnlengst erindern
353 2289 686 2419 Waß In Sachen
663 2284 722 2349 zu
662 2281 1590 2430 thuen werde, quo me brevitatis causa remitto
