1944 2592
275 158 1806 368 daß hat Ist Kan Es doch con bel garbo verhindert werden, Ist Es
249 269 1764 461 Vmb So Vill besser, sapienti pauca, weil Ich nit Vill Zeit vnd lust
265 372 1816 568 habe, In Ziffer Zu Sezen, muß Ich ad aliud tempus Versparen. Von AB
251 505 1827 726 44 12 24 42 42 44 21 12 24 44 32 habe Ich schon was gwust, wie dann 21 11 41 12 24
241 613 1819 812 42 14 41 12 23 0 AF Vill davon gsagt hatt. Unde bene recursum est
235 710 1747 904 11 41 06 24 12 33 12 41 13 11 06 34 21 13 24 13 41 44 11 23 13 11 06. dise post
222 787 1819 1003 bringt Euch Von der Canzley nur Ein recipisse, dann auf der Reiß, wist
243 888 1775 1124 Ihr wol, daß nit Zeitt Ist, Solche de toto versirende negotia Zu expediren,
199 989 1793 1199 Solle aber Von Insprukh aus nitt Vnderlaßen werden. diß Ist nur
233 1112 1815 1337 pro nunc mir forfallet. Sonsten Ist Vnser Reiß bis hero glükhlich
204 1219 1815 1396 vnd wol abgeloffen, de quo alys plura, dann Ich habe Ein Zandtwehe, die Macht
226 1301 1788 1480 mir nit Vill lust Zum schreiben. aber dieser Ordt Ist So schen,
208 1377 1806 1619 daß Ich ganz darin verliebt bin. mitt mit aller mein Zhanwehe
202 1491 1799 1720 3 Stund auf dem See herumbgefahren. Hirmit verbleibe Ich
197 1568 1334 1762 Euch mitt beharlichen Kay. hulden wol gwogen
203 1673 551 1848 Leopoldt
1021 1714 1810 1912 Schloß Cammer den 18. 7b.
1609 1862 1802 1952 1665
