1944 2592
319 116 1626 295 Lieber graff von Pötting, Eur relation Von 28. passato
338 217 1655 370 habe Ich den Ersten diß zu Wörgl, So 7 meill von hier
320 302 1698 458 Ist, Empfangen, Ist aber vber wienn gangen vnd also Was
334 383 1732 567 Spetter angelangt. Vnd habe daraus Zu vorderist gern verstanden,
315 486 1649 635 daß der grav Ferdinandt Von harach alda angelangt Sey,
318 567 1713 711 will auch hoffen, die außliferung der joyas werde schon beschehen Sein. Ist
315 647 1661 801 Es aber noch nit geschehen, So Ist Es aliud rem. Vnd mein, Ich Soll
1309 725 1648 804 doch vermeine Ich,
306 727 1661 853 Solle mann Sich nitt der ausliferung weigern, So fern mann
317 802 1689 942 Es Spanischer Seitten anzunehmen Verlangt. mitt 41 12 33 068
317 891 1722 1009 41 12 43 34 21 14 43 34 14 24 13 14 0 11 21 12 24 085 hatt Es Ein anders
324 967 1725 1088 absehen. Vnd thue mich Zu disen punct auf daß Ienige befelbeziehen,
286 1033 1713 1165 So aus der Canzley Euch sub Hodierno dato anbefolhen wirdt, dann
301 1113 1746 1279 es grosse nisi damit hatt, So Ihr Euch leücht Selber Einbilden Konnt.
313 1190 1705 1337 vbrigens muß Ich wol bekhennen, daß mir die weil schon Zu lang wirdt
317 1261 1739 1394 dmitt meiner gespons abreiß, desto mehr, weilen alle praeventiones
313 1332 1735 1482 ferdtig Sein Sollen vnd doch allen stekhen bleibt. vere, vere,
320 1412 1751 1539 Es muß waß dahinder Sein, Vnd mein AB, AC Vnd AF werden alle
334 1488 1719 1612 Von DN betrogen. tempus omnia revelabit. Interim must
334 1569 1721 1734 Ihr fleissig treiben, ne videamur dubitare de Certo a nobis
313 1636 1704 1798 pro tam Certa Habita. Was Bf machinen anlangt, Iam
304 1734 1695 1887 notus est pontifici, vnd werden Ihme nit angehen. Daher habe Ich
311 1848 1740 1978 mich auch resolvirdt, Ein 31 14 22 33 1312 34 41 12 24 41 12 24. AE 42 44
334 1930 1652 2040 resolviren, doch In pectore, wann dann, wie Köndte Ich dise
338 1996 1722 2137 relosulution publicieren, Se non sapiamo, chi sarà la persona,
334 2070 1622 2207 che deve essere servita. doch hatt BL gar wol gethan, daß Er
318 2133 1699 2285 AB Vnd AC hivon parte geben hatt. Af hatt Es, si recte memini,
293 2221 1723 2347 BZ auch schon Zu wisßen gemacht. Vnd hier maiß niemandt nichts
288 2280 1657 2399 darumben, als BG, BH Vnd BK. So Seiner Zeitt Solle die
286 2369 1317 2506 publication schon geschen. Interim Hoc sufficit.
