1944 2592
429 107 1851 254 daß abermal 21 11 34 42 44 13 23 23 12 43 21 13 41 12 24 AB gmacht man
1745 162 1804 198 werden,
420 193 1804 318 non miror, quia wer Kan den leütten daß maul Stopfen.  doch Ist
404 259 818 362 Es Vill In 34 21
760 282 796 315 11
818 259 1775 381 43 13 12 43 06. Waß daß vbrige In Euren schreiben
426 342 1844 467 betrifft, Ist alles nur ad notitiam. habe auch gern gesehen, Waß Ihr mir
388 413 1844 539 Von hochenfeldt schreiben wollen. der Lekher wirdt Sein lebtag Kein
380 479 1865 613 guett thuen, wurde nit vbl Sey, Wann Er Ein wenig In Indien geschikht
361 550 1859 679 wurde, Sein schalkereyen abzuepuessen. wurde auch gern Vernemen, wie des
380 619 1857 750 chateau abreit Von Statten gehet. So vill Es Sein Kan, wirdt Er Es
375 698 1861 828 gwiss guet machen. attamen Deae depingi nequeunt. Seither meins
356 761 1785 908 Vorigens Ist die Reiß wol abgangen, ausser daß Ich Ein tagreiß Vor
359 846 1828 998 Salzburg habe Ein Tag muessen In bett zubringen Vnd diß aus Vrsach
365 917 1865 1079 Eins Flus, So mir In hals Kumen. Con Vna sangria y otros remedios
368 996 1853 1160 hatt Es sich also strax gebesserdt, daß Ich den tag darauff Zu Salzburg
363 1070 1837 1229 Eingezogen bin, alwo der Erzbischof mir grosße Ehre Erzeigt. habe mich
368 1155 1840 1313 5 Tag alda aufgehaldten vnd hatt Es alle tag neüe Intratenimenti
380 1235 1846 1414 abgangen, Comedien, Feüerwerkh Vnd andre Sachen haben nitt gmanget.
367 1305 1838 1503 aber Kein freidt ohne laidt. Kaumb bin Ich von Salzburg abgraist,
331 1420 1827 1596 So bekomb Ich den 28. 7b. Ein hinkhenden Pott, daß Nemblichen Ihr
333 1484 1803 1657 Liebden die Verwitibte Fraw Curfürstin In Bayern den 25. dito Von diser
348 1586 1834 1738 weldt abgeschiden Seie. ecce, wider Eine proroga der Clag. Was
344 1646 1821 1807 vill Klagen hatt Es In So Wenig Jharen abgeben. attamen sic ludit In
315 1726 1820 1857 Humanis divina potentia rebus. gleichwol Ist mir diß Stukh tieff
333 1794 1823 1927 Zu herzen, In deme Ich Selbe fürstin alzeitt vor Mein Mutter
328 1862 1003 1981 Venerirdt habe. den 2ten diß
742 1901 1737 2009 werdet also Von dißen neben Einlieferung bey
329 1929 1793 2101 Komenden schreibens Regi parte geben Vnd daß pesame ablegen.
322 2009 1782 2197 den 2ten Diß bin Ich am abendt alhir Eingezogen Vnd hatt mich
333 2075 1711 2248 In haus die Verwitibte fraw Erzherzogin anna Sambt dero 2
324 2177 1716 2320 prinzesinen Empfangen, Welche wol 2 herliche schöne frawen Sein,
320 2206 1690 2379 doch brunette. die Eldtere, So Erst In 13 Jhar Ist, Ist schon
298 2290 1740 2457 So groß als die aldte hoffmaisterin gravin Von Wagensperg, quod
304 2346 1766 2525 videtur quasi incredibile. gesterdt habe Ich bey Ihnen Zue abendt geessen
