1944 2592
312 112 1702 267 14 41 13 44 33 06 13 43 59 43 14 34 42 11 41 11 41 0685. BL wirdt
282 211 1648 329 aber schon pro possibili alles Zu praeveniren wissen. die vberschikhe
284 275 1694 407 lista der geblibenen officire Ist mir Sonders lieb gwest vnd weillen der
280 346 1751 497 graff Von Solmb gebliben, So Kombt Sein theil der graffschaft
272 409 1759 545 auf Sein Bruedern, So Katholisch Vnd bey mir Knab Ist,
242 484 1752 632 werde Ihn alsbaldt ausmustern Ist lassen, daß Er Sie anderttretten Köne,
249 558 1682 706 dann Er Ist schon maiorennis. das der Von hohenfeldt auch
1598 574 1675 634 Ein
1641 586 1758 678 herida
263 643 1760 792 Empfangen, placet, were guett, wann Er Sein loses buebisch
257 704 1755 849 leben dadurch bössern wolldte. Vnd Weille Ich alhir Die ganze Klag
238 786 1748 974 nitt aufbringen Kan, So werde Ich Ehender auf wienn Reißen
245 856 1708 993 vnd also gwiss den 26. Von hier auf Sein. gleich als Ich
198 938 467 1054 vorgesterd abendt
257 913 1755 1074 disn Curir abferdtigen wollen, So komb der Kon. spanische
249 985 1732 1142 vnd bringt die despachos Vnd Eur schreiben Von 25. eiusdem,
240 1055 1759 1241 habe also dise 2 tage aufhaldten lassen. Weillen Ich aber gesehen,
253 1121 1779 1292 daß gleichwol guette sey, daß dise expedition baldt hinein Kame,
232 1190 1666 1369 als lasse Ihn den mainigen In Gottes nahmen Vordtlauffen.
255 1254 1753 1444 Weillen daß ander als Sachen summae Importantiae Sein, als werde
257 1327 1792 1512 Ich alles bedrachten Vnd So den durch den spanischen curir Ehistens
254 1441 1786 1626 mehrere befelh Euch zu schikhen. Interim habe Ich Euch diß Nachfolgende
259 1526 1803 1721 an die hand geben wollen, 1° wegen der joyas Vnd despensorio beziehe
274 1611 1654 1773 Ich mich auf daß Ienige, So In dem despacho aus der Canzley
307 1670 1806 1851 begriffen nemblich, 2do Ist gar nitt zu zweifln, 41 11 34
330 1794 1808 1904 95 AH 31 14 42 06 24 12 24 44 33 34 41 11 41 44 44 43 24 44 31 12 06
326 1876 657 1964 11 43 31 12 21 12
626 1870 703 1919 43
660 1866 1774 1977 21 12 24 41 12 68 21 13 12 41 14 43 43 11 44 42 31 0 13 43
318 1942 1805 2048 43 11 42 33 11 41 12 24 13 11 0 BZ 11 43 0 AF 32 11 24 44 13 23 06868
335 2010 1701 2108 32 12 34 42 31 13 21 12 43 31 11 41 06. Ich werde aber mitt gedachtem
322 2064 1706 2182 spanischen Curir Euch vber alles Informirn. Intanto Ist die
339 2138 1765 2262 rimessa gar wol a propò komben, nhur mehr dann sin Illas
324 2196 1735 2347 Nihil. Et Vtinam ne sero saperent phryges. Von hir
312 2288 1669 2416 habe Ich nitt Vill zu avisiren, als daß wir alle wol auff Sein
327 2357 1671 2514 Vnd Solle die nebste wochen die huldigung noch gwiß Erfolgen.
