1944 2592
292 102 1587 290 Lieber graff Von Potting. aus dem despacho, So der ohnlengst
296 199 1672 362 heraus geschikte Vnd aniezo wider hinein Reittende Courir mittbringt,
280 284 1646 431 werdet Ihr Sehen, was pro nunc Euch anzuefelhen Ist. Vnd obwoln
280 384 1628 549 Ihr die data schon Von 18. dito finden werdet, So habe mich die
293 451 1622 598 leütt zu Insprukh die lezte tag also geblagt, daß Ich nit Ein
286 549 1646 681 Ein halbe Stundt Zeitt habe Konnen nehmen, derin Eigenhedigen
290 622 1722 774 despacho Zu machen. habe Es also auf die Reiß Verspardt,
306 711 1621 843 So aniezo geschiht. Vnd bestehet daß Erste Vnd prinzipal
290 781 1738 941 membrum des obgemeldten despacho In deme, nemblich 13 43 06
293 878 1745 1010 33 11 41 12 24 13 11 06 21 11 34 BZ 11 43 AF 32 12 34 42 31 13 21 12 43
301 989 1734 1097 31 11 41 41 06 42 13 24 42 11 0 33 11 43 31 43 42 14 43 12 34 0 AH
293 1051 1720 1164 21 13 41 24 24 06 43 13 41 12 24 23 11 43 41 85, remittire mich aber In allen
291 1124 1665 1240 auf gemeldtes despacho. 2do woldte Ihr haldt dringen auf die
291 1182 1710 1342 abreiß der Infantin, 41 11 43 14 21 21 14 23 12 43 69 AF 21 14 23 0
290 1288 1751 1472 21 12 13 34 08 41 11 34 87 AE 44 14 24 896 41 12 43 95 22 24 14 12 23 13
254 1331 1736 1584 6 43 32 0 43 13 41 32 12 34 42 31 12 31 12 43 34 14 23 23 12 0685679,
277 1414 1709 1637 man muß Sich aber stellen, alß wann mann Es nit merkhen
314 1466 1731 1703 thete. mitt dieser occasion hab Ich Eur beede schreiben Von 25. 7b.
316 1537 1645 1739 beandtwordten, habe aber fur dißmal nitt Vill Zu andtwordten.
317 1624 1674 1787 freilich muß die Königin Vmb die Sachen anemben, allein
312 1684 1664 1847 muessen wir Vns nitt gar Zu Vill darin mischen, Dann Sonst
304 1780 1695 1934 werden wir nur weniger richten. daß BF mitt BP nitt
284 1828 1697 2025 wirdt Suechen, Einige tricas Zu machen, Ist nit ohne, aber aF wirdt
286 1901 1674 2103 Ihn schon dem compass Verukhen. diß Ist, Was mir Aniezo
312 1983 1657 2157 beyfaldt, Euch Zu Erindern. Nebst disen thue Euch Zu wisßen,
312 2072 1702 2222 daß die Vorige wochen die huldigun gehaldt Vn gar wol passirdt. weillen
343 2160 1672 2315 Ich aber wais, daß die leütt gar Vill reden, als hab Ich Euch
312 2203 1677 2356 diß nachfolgende berichten wollen. Nemblich Eben Selben tag,
306 2281 1651 2421 Wie die Stende mitt Sauffen Vn Fresßen lustig Sich gemacht
310 2350 1698 2478 haben, Ich mich auch In Etwas divertiren wollen. habe als daß alda
