1944 2592
325 118 1754 283 In Inspruh Sich befündende theatrum besichtige. Weillen aber die
304 230 1754 358 Musici Ein opera ferdtig gehabt (et Ut Verum faterar I Ita
325 325 1790 457 disponente Serenissima anna, So habe Ich Selbe abendt Selbiger
318 395 1832 542 beygwondt, doch quasi all Incognit, Vnd hetten Keine leutt
318 480 1822 629 Sollen dabey Sein. Es haben Sich aber Vill dazue gestollen. habe also
287 562 1803 717 Euch Zue nachricht avisirn wollen, ne forte spargatur, Nos loco
296 643 1845 810 funeralium comedias exhibere. die lezte tag haben Mich
308 726 1841 882 die guetten tyroler also geblagt, daß Ich fast nimer hette dawern
323 809 1809 987 Konnen. bin aber In gottes nahmen gesterdt abgraist Vnd
283 891 1783 1084 heutt alher Komen, So gar Ein Schlechs ordt Ist ,7 meill
289 999 1794 1164 Von Insprukh. habe also disen curir dispaccirn wollen. habe also
302 1065 1860 1307 Euch weitter nit Zu befelhen, als daß alles dem 23 13 34 14 23 11 65
310 1179 1838 1396 44 43 41 BZ 568 communicirdte, weillen BZ Iezo Zimblich
329 1259 1852 1482 Vill Vermogen wirdt. Schlißlichen beziehe Mich nochmals auf
325 1342 1809 1557 den despacho aus der Canzley. Vnd Verbleibe Euch mitt
300 1396 1034 1601 beharlichen hulden Wolgwogen
289 1509 813 1688 Leopoldt
1187 1481 1858 1642 Wörgel, den 27. 8b
1776 1611 1871 1696 1665
292 1692 1778 1921 Ich habe den G. Von harrach befolhen, darin Zu bleibenm bis
313 1801 1836 2000 die ioya extradirdt werde, Es Sye vber kurz oder lang. Weillen
304 1870 1785 2094 aber der Chatteau nichts mehr darinen Zu thuen hatt, So
283 1954 1711 2205 wollet Ihr Ehistens an statt Eins Curirs per posta heraus
287 2021 478 2145 schikhen.
