1944 2592
414 240 1780 391 Lieber graff Von Potting. gleich nachdeme Ich den 12. diß In St. Pöldten
408 370 490 431 die
473 326 560 398 post
492 342 1754 474 expedirdt, Empfange Ich Zu Konigstetten Eur schreiben Von 9. 8b. Vnd
399 418 1806 562 Vor 8 tagen die frischere Von 22. deto, aus welchen Ich wol mitt abson
386 478 1786 616 derlichen contento Ersehen habe die resolution der Königin wegen mainer
390 535 1737 674 Gespons aufbruch vnd das Selber In february gwiss bestimmet Sey.
390 632 1780 746 Iezo muß Ich Es schir glauben, noch mehrers aber, si Videro defacto Iam
351 700 1805 859 In mari esse, Interim omnia dissimulanda sunt. Weilen Ihr aber wol
372 774 1806 892 daß die Verliebte sospettosi Sein, also geschiht Es mir auch In dem Ich
346 843 1801 965 In den Von D. blasco an Euch geschribenen billett 2 Sachen observire,
379 912 1825 1024 So mir nitt recht gefallen, 1o daß Er Sie nennt la Señora Infanta,
340 988 1820 1119 da doch oyanguren Vnd medina Vnd alle andre darinnen Sie schon genandt
350 1049 1799 1171 auch In Kön. reesolucion la Señora Emperartriz. 2do daß
355 1112 1810 1225 Er Sagt la Salida de aqui, und Nicht la jornada. daß
359 1194 1817 1344 estos son mis sospechos, dios Haga, que sean falsos. Von disen aber
353 1270 1823 1373 derfft Ihr Euch nicht merkhen lassen, Sondern nur Stellen, als wann Ihr Euch
316 1342 1799 1468 ganz auf die parola Reale Verlassen Thet, wie alle mit mehr aus
355 1401 1769 1528 der Canzley despacho Zu Ersehen Ist. Vor allen aber woldt Ich wissen, ob
353 1455 1779 1567 die gallern darinnen vberwindtern werden Et Ubi? Was Sodann
341 1529 1836 1653 anlangt, Was BN Euch communicirdt circa 13 43 41 44 42 13 11 34 0668
374 1606 1767 1747 42 44 33 57 CY 12 41 06 23 13 32 11 33 42 44 33  GCY 12 41 AQ
363 1665 1845 1835 44 12 24 33 12 13 43 12 41 Af 41 11 34 0 41 13 34 12 06 41 24 11 42 41 11 41 44 34 0
355 1723 1840 1896 58 11 23 31 13 12 0 11 33 69 21 12 34 41 12 43 06 42 14 43 41 12 43 087 41 24 11 42 6
361 1785 1822 1949 58 33 11 43 12 32 13 24 41 21 12 24 41 12 43 657, absonderlich aber 21 11 43 0 43 680
356 1848 1755 2006 42 11 24 23 13 43 32 22 14 24 41 06 11 43 42 14 33 33 12 43 21 13 24 41 06
342 1892 1785 2075 diß puncti halber werdet Ihr auch nitt mehr aus der Canzley Instruirdt werden.
352 1992 1720 2126 Wann der Carlingfordt anKomen wirdt, Solle Ihm alle acoglienza
355 2064 1702 2182 widerfahren Vnd absonderlich, weillen Sein Sohn mitt Kombt, Welcher mir
372 2122 1743 2265 Vill Ihar per page gediendt vnd Sich alzeitt also Verhaldten hatt, Ut
319 2181 1716 2331 ab omnibus summa meruerit laudem. Es mangeldt mir nur der
320 2264 1831 2405 leßle alhie als Landtsmann, der werde Ihn gwis wol dractiren Vn Englisch
327 2342 1806 2485 Mitt Ihm parliren. Euer Secretari Erwarten mir mit Verlangen
