1944 2592
376 69 1758 213 Ut habeamus plenam In omnibus Informationem, allein besorge Ich, Er wird
370 162 1736 300 Ein guete weil auf der Rais bleiben, dann Ein secretario Vnd Ein
353 252 1798 391 Spanier Zu Sein, sunt duo qualitates, quae magis convenire Videntur
336 315 1751 465 Einen schneggen als Einen curier. die 2 schreiben Von Beichtvatter
331 389 1790 552 meiner liebsten Vnd de condessa de benavente Sein mir gar lieb gwest.
285 455 1790 621 die andtwordt an guetten pater, So mir aus den schreiben Ein guetter tattl
304 532 1807 728 Zu Sein scheindt, Volgt aus der Canzley, die an die Camerara mayor
298 591 1795 777 als Kombt hiebey, Et quidem manu propria, weillen Es also an
278 667 1792 857 de la Veles geschehen, Ich auch nitt weiste, wie Es lateinisch muß formirdt werden.
294 750 1792 925 allein Verlautt alhie, als wann Sie, Condessa, nicht mit heraus Komen
291 818 1564 985 Soldte, tali casu werdt Ihr daß schreiben nitt aushendigen.
304 895 1829 1135 Alhie Ist Zeittung Eingeloffen, 41 11 34 89 AH CT 42 42 44 12 06 31 13 23 22
292 980 1277 1158 44 14 23 42 31 12 24 32 12 34 42 31 13 42 41 31 ...
1269 1083 1344 1127 11 21
1333 1120 1825 1263 12 21 13 43 12 42 06 33 44
278 1050 1799 1322 43 34 12 24 06 41 44 24 42 31 06 43 13 41 12 24 23 11 43 41 0 et quidem Hoc
289 1126 1794 1364 42 14 43 41 24 11 41 13 42 12 43 41 12 0  BQ. questo solo vi serva per aviso, weillen
285 1192 1792 1430 Ich nicht gwis wais, ob Es war Ist. In pohlen Sein die Sachen auch gestildt
261 1250 1770 1493 Zwischen den König Vnd Lubomirschi, Mit mehrem Sollen die particularia
263 1330 1778 1560 Euch Vnd dem lisola communcirdt werden. alhie bin Ich den 15. angelangt,
266 1429 1728 1624 Deo sint laudes, sanus ut Incolumis. die Ma de grana hatt Sich
278 1514 1699 1685 resolvirdt, In den carmeliter orden de S. theresa Ein Zu dretten, Vnd Solle
285 1583 1759 1782 ala conception die Einklaidung geschehen Zu Neustatt In den Neüfundirdten
291 1641 1684 1822 Convent, So die fraw Seradestkin gestifft hatt, vnd Ich also auch
297 1712 1760 1891 hiniber Reiß, Selber function bey Zu wohnen. weillen aber Eben Selber
302 1779 1708 1962 tagen wider Ein spanischer postag fallen thuet, Also avisir Ich Es Euch
302 1866 1736 2013 anticipate, wann villeicht die brieff nicht Richtig gehen werden, daß
297 1923 1741 2083 die monja die Schuld hette. Ihr Köndt nit glauben, Was dies
300 1996 1745 2180 resolution Vor Ein larmen Vnder den pursch gemacht hat. admiratur
304 2073 1654 2248 valde et a cunctis, Attamen a paucis, credo, Imitabitur.
285 2138 1740 2292 Schliesßlichen kombe hiebey die Brief an die Konigin, P. Neidhardt Vnd
256 2190 1698 2348 harrach. beziehe mich In vbrigens auf die andere despachos. Vnd
278 2260 1303 2409 Verbleibe Euch mitt beharlichech genade Wolgwogen
264 2311 595 2472 Leopoldt
901 2363 1618 2486 Wienn, den 28. 9b. 1665
